3367 5075
748 343 963 402 „20-

268 509 393 571 aerario
415 525 523 574 omnes
545 511 715 591 pecunias,
747 510 865 592 quibus
886 532 967 593 opus
989 515 1076 590 erat,
1109 517 1258 593 erogatas
1280 532 1344 575 non
1365 531 1444 592 esse,

269 625 378 683 tamen
400 619 588 701 fragmentis
611 620 718 685 adhuc
740 622 824 685 notis
846 622 964 686 iterum
986 642 1025 685 ac
1045 622 1172 705 saepius
1193 623 1345 705 inspectis
1365 622 1444 686 mibi

268 730 413 811 persuasi
435 751 476 793 ne
504 730 740 813 expeditionem
765 732 895 814 quidem
917 732 1038 796 factam
1060 753 1147 814 esse,
1177 733 1209 797 in
1235 736 1327 818 cujus
1349 755 1444 798 usum

268 841 424 922 pecuniae
440 862 479 904 ex
496 840 660 906 Minervae
680 844 806 907 aerario
827 843 893 907 sive
917 863 1027 907 omnes
1048 844 1113 909 sive
1136 844 1309 909 nonnullae
1331 851 1444 908 mutuo

269 957 416 1034 sumptae
448 974 511 1017 uon
544 954 617 1018 sint.
663 952 773 1037 Quare
799 954 1018 1019 contenderim
1045 953 1313 1034 Archestratum,
1344 953 1445 1035 Lyco·

268 1064 370 1128 medis
407 1063 524 1145 filium,
561 1064 604 1129 ab
642 1065 898 1131 Atheniensibus
935 1071 1009 1149 post
1044 1065 1172 1130 initium
1206 1066 1336 1131 demum
1368 1064 1445 1129 anni

270 1175 312 1242 Ol
334 1180 402 1258 87,1
427 1176 460 1240 in
482 1176 707 1242 Macedoniam
729 1180 861 1243 missum
885 1198 964 1262 esse,
995 1178 1035 1242 de
1058 1198 1123 1260 qua
1148 1198 1198 1258 re,
1226 1198 1299 1242 cum
1322 1198 1339 1240 e
1360 1175 1445 1240 Thu·

270 1285 447 1371 cydidis²¹)
471 1287 574 1352 verbis
596 1294 749 1353 accurate
771 1290 910 1372 perspici
932 1310 994 1354 nou
1016 1291 1134 1372 possit,
1163 1289 1224 1353 uiri
1254 1288 1341 1353 docti
1363 1287 1446 1351 alius

268 1399 366 1464 aliam
385 1399 574 1466 sententiam
585 1400 735 1482 probant.
765 1401 847 1467 Plus
864 1400 1157 1484 hodiepraedicari
1172 1400 1445 1482 nondumpotest.

354 1620 519 1686 Addimus
544 1622 698 1686 nonnulla
726 1623 766 1686 de
795 1621 832 1689 O.
856 1624 885 1688 I.
908 1624 953 1688 A.
976 1624 995 1687 I
1027 1628 1105 1706 186,
1135 1645 1219 1707 quae
1248 1644 1446 1707 quamquam

270 1732 422 1795 sentimus
445 1733 517 1814 ipsi,
542 1753 640 1814 quam
662 1733 785 1797 incerta
804 1734 878 1814 sint,
901 1739 1010 1798 tamen
1028 1756 1093 1798 non
1112 1737 1207 1818 plane
1225 1735 1358 1818 indigna
1378 1755 1447 1799 esse

269 1842 445 1923 eredimus,
474 1864 558 1924 quae
580 1842 640 1907 hoc
662 1843 732 1908 loco
755 1842 942 1908 afferantur.
986 1843 1236 1926 Fragmentum,
1267 1845 1354 1927 quod
1380 1845 1447 1909 sine

269 1954 369 2019 dubio
396 1955 426 2018 ei
453 1955 561 2037 generi
589 1954 759 2019 titulorum
785 1955 1017 2038 assignandum
1046 1960 1112 2036 est,
1143 1955 1183 2019 de
1213 1976 1278 2037 quo
1310 1956 1445 2037 agimus,

269 2066 330 2130 boc
351 2070 416 2131 est:
1275 2069 1276 2072 ’

688 2178 779 2243 1¹0
902 2191 915 2237 ι

628 2297 648 2353 Ι
688 2294 713 2354 0
756 2297 792 2356 N
837 2300 858 2356 Ι
897 2299 927 2355 Δ
971 2298 995 2356 0
1089 2365 1090 2368 ¹

579 2400 589 2457 l
630 2407 658 2464 T
694 2406 718 2465 0
761 2408 794 2465 E
835 2408 865 2465 A
903 2408 927 2467 0
971 2409 996 2466 θ

629 2519 650 2576 Ι
689 2518 719 2578 Δ
763 2522 794 2579 A
836 2524 865 2581 Σ
897 2522 928 2579 Κ
969 2523 1001 2580 A
1176 2590 1177 2593 Ἰ

629 2633 663 2689 Α
699 2633 725 2689 Σ
767 2631 791 2690 0
835 2634 868 2690 A
900 2633 930 2692 Δ
973 2631 997 2690 0
1040 2632 1072 2689 E

630 2742 662 2799 E
699 2745 714 2800 Ι
761 2744 789 2800 Ε
836 2746 858 2803 Ι
901 2745 925 2802 θ
970 2744 994 2802 0
1037 2743 1067 2801 P
1118 2746 1134 2800 Ι

776 2869 844 2913 rac.
867 2851 942 2929 0,04

630 2963 667 3059 ζ
701 2965 728 3022 Η
764 2965 791 3021 Η
834 2966 859 3022 Γ
901 2965 930 3034 Δ
967 2966 992 3021 Ρ
1035 2964 1063 3021 Τ
1105 2965 1133 3022 Τ

637 3051 652 3070 ”
774 3091 843 3137 vae.
867 3075 941 3153 ops

853 3188 867 3246 1

359 3285 455 3369 Quod
477 3291 694 3375 fragmentum
716 3293 899 3359 Boeckhius
911 3294 952 3372 ῃ)
975 3299 1107 3376 propter
1127 3291 1381 3374 magnitudinem
1397 3311 1449 3374 pe

273 3398 442 3464 euniarum
476 3410 737 3488 consumptarum
770 3425 854 3468 anno
888 3404 985 3469 alicui
1018 3404 1210 3487 assignavit,
1244 3423 1307 3486 quo
1344 3401 1448 3467 Athe

273 3510 396 3574 nienses
415 3498 554 3579 maxime
576 3515 659 3580 bello
681 3514 890 3598 urgebantur.
933 3515 1006 3579 Non
1034 3516 1102 3580 sine
1126 3514 1235 3596 aliquo
1254 3513 1327 3597 jure
1346 3515 1448 3596 igitur

274 3619 549 3711 Kirchhoffiusw)
571 3626 751 3709 suspicatus
775 3634 824 3692 est
846 3648 947 3692 unum
969 3647 1008 3691 ex
1030 3627 1075 3691 eis
1097 3625 1347 3707 intellegendum
1369 3645 1447 3704 esse,

272 3753 439 3816 per-quos
461 3734 619 3801 Potidaea
646 3737 866 3803 obsidebatur.
912 3739 977 3805 Sed
1005 3737 1085 3802 mibi
1115 3736 1350 3819 respiciendum
1380 3755 1448 3800 esse

273 3843 402 3909 uidetur
419 3847 563 3911 ordinem
585 3847 807 3932 prytaniarum
828 3849 862 3913 in
883 3849 997 3916 tabula
1019 3854 1227 3915 exaratorum
1245 3847 1382 3912 eundem
1402 3851 1449 3911 at

274 3976 337 4039 que
357 3958 391 4021 in
412 3980 584 4024 usurarum
606 3959 739 4025 tabulae
768 3981 807 4024 ea
835 3967 930 4043 parte
958 3981 1043 4044 esse,
1076 3981 1159 4044 quae
1186 3959 1326 4024 rationes
1354 3979 1448 4041 pecu·

343 4135 379 4204 ¹¹)
397 4136 413 4191 I
431 4137 472 4191 57.

342 4220 378 4289 ¹¹)
397 4221 499 4277 Oecon.
517 4223 570 4278 civ.
589 4224 656 4278 Atb.
674 4224 715 4290 11,
725 4226 750 4279 2.
768 4226 828 4278 381.
863 4280 865 4287 ,

343 4306 379 4376 ²⁸)
397 4307 502 4363 Gomm.
520 4308 597 4365 acad.
615 4309 709 4366 BeroL
728 4310 810 4375 18⁷6,
