3367 5075
773 339 965 399 ..2-

566 511 1162 570 ΣΗΟΙΣΦΥΡΟ

567 620 1165 680 ΤΕΥΕΤΑΜΙΑ

564 731 1162 791 ΧΣΟΙΟΝΑΥΣ

564 844 1166 912 ΗΗΗΓΛΡΤΤΤ

563 954 1153 1012 ΓΑΡΑΤΑΜΙΟ

562 1065 1148 1124 ΙΝΟΣΓΕΡΑΙ

562 1175 1152 1234 ΕΡΟΝΗΟΙΔΕ

562 1288 1148 1348 ΑΦΙΔΝΑΙΟΣ

560 1392 1150 1464 ΠΜΗΗΗΡΤΤΤ

560 1505 1145 1569 ΧΣΥΜΓΑΝΤΟ

560 1614 782 1676 1111111

382 1836 543 1903 Perfacile
572 1835 770 1919 intellegitur
799 1836 931 1901 titulum
960 1842 1028 1901 tres
1058 1838 1226 1919 pensiones
1250 1836 1452 1920 complexum

277 1968 356 2029 esse,
379 1968 464 2030 quac
483 1949 533 2013 ita
552 1947 748 2030 compositae
765 1954 867 2029 erant,
890 1953 928 2012 ut
943 1947 1140 2013 talentorum
1157 1948 1281 2013 numeri
1295 1969 1316 2012 a
1333 1948 1451 2032 lapidis

276 2059 406 2125 sinistro
429 2059 572 2143 margine
595 2058 722 2123 initium
743 2064 907 2142 caperent.
951 2057 1041 2122 Num
1070 2058 1103 2122 in
1131 2064 1222 2141 parte
1255 2059 1345 2124 laesa
1372 2081 1450 2124 non·

274 2171 365 2236 nulla
379 2171 504 2236 talenta
519 2170 741 2235 interciderint
759 2191 818 2254 pro
838 2175 926 2234 certo
949 2170 1054 2235 dicere
1075 2169 1244 2234 nonlicet.
1289 2169 1450 2235 Attamen

274 2283 302 2348 si
312 2303 348 2347 re
355 2283 668 2348 verainterciderunt
675 2303 739 2346 non
746 2283 820 2365 plus
827 2283 891 2346 tria
898 2281 1139 2347 interciderunt.
1160 2279 1244 2346 Cum
1253 2282 1338 2345 enim
1346 2282 1449 2364 prima

272 2395 357 2459 ratio
369 2400 430 2459 las
441 2394 565 2460 talenta
576 2393 818 2476 complectatum
832 2393 1041 2458 manifestum
1052 2399 1102 2459 est
1113 2414 1282 2458 numerum
1292 2394 1325 2457 in
1336 2394 1449 2460 tabula

272 2506 399 2590 integra
410 2508 436 2571 si
447 2506 543 2571 modo
556 2505 658 2588 major
668 2502 731 2569 fuit
740 2526 804 2570 uno
816 2505 913 2571 modo
925 2506 1048 2571 talento
1057 2507 1212 2588 majorem
1224 2505 1331 2571 fuisse.
1355 2505 1448 2571 Idem

272 2617 313 2682 de
326 2618 477 2700 pensione
493 2617 633 2684 secunda
647 2623 681 2682 et
695 2618 803 2697 tertia,
824 2638 841 2681 e
858 2617 975 2698 quibus
993 2620 1055 2680 368
1073 2623 1105 2681 et
1121 2621 1183 2680 900
1199 2617 1321 2682 talenta
1339 2636 1449 2697 super-

272 2733 356 2810 sunt,
379 2729 549 2796 dioendum
569 2736 626 2795 est.
671 2729 737 2793 Pro
761 2732 823 2792 128
847 2733 880 2791 et
902 2730 965 2789 368
989 2733 1021 2790 et
1044 2731 1106 2789 908
1128 2726 1257 2790 talentis
1285 2726 1327 2789 ad
1346 2725 1447 2789 maxi-

270 2862 359 2903 mum
386 2840 486 2923 igitur
516 2846 577 2906 129
599 2845 632 2904 et
658 2844 720 2903 369
744 2844 777 2903 et
799 2843 862 2902 909
885 2837 1009 2901 talenta
1040 2838 1073 2900 in
1102 2836 1216 2900 tabula
1240 2835 1365 2918 integra
1393 2857 1446 2900 ex-

270 2952 431 3015 stiterunt.
475 2950 681 3034 Oomputatis
707 2948 838 3013 talentis
863 2951 949 3012 1404
977 2947 1101 3011 talenta
1132 2945 1332 3026 efficiuntur,
1361 2968 1445 3028 quae

270 3083 395 3126 summa
416 3064 449 3126 in
471 3062 584 3126 tabula
605 3081 670 3125 non
691 3060 779 3124 laesa
795 3059 939 3141 quinque
955 3056 1050 3121 modo
1071 3058 1202 3121 talentis
1225 3058 1326 3140 major
1345 3057 1446 3122 fnisse

268 3177 385 3255 potest.
428 3171 592 3238 Numerus
606 3173 690 3236 enim
710 3170 909 3235 talentorum
928 3168 1167 3252 deperditorum
1184 3171 1249 3233 tria
1266 3190 1442 3251 superasse,

267 3304 419 3348 numerus
440 3284 684 3363 drachmarum,
715 3282 742 3346 si
771 3282 867 3345 modo
890 3287 1042 3345 exaratae
1069 3287 1178 3361 erant,
1209 3282 1273 3345 tria
1302 3280 1445 3346 offecisse

267 3396 389 3476 nequit.
433 3393 549 3476 Itaque
573 3392 777 3458 manifestum
802 3399 851 3456 est
873 3414 1034 3457 summum
1054 3412 1223 3456 numerum
1245 3392 1442 3457 talentorum

268 3510 361 3588 1409,
385 3508 552 3570 minimum
575 3507 659 3568 1404
680 3502 788 3567 fuisse.
833 3502 927 3568 Unus
943 3524 982 3567 ex
1000 3503 1049 3566 his
1072 3523 1128 3567 sex
1146 3505 1296 3584 numeris,
1321 3505 1442 3569 scilicet

265 3616 340 3680 inde
363 3638 384 3681 a
407 3618 492 3707 1404
512 3636 612 3697 usque
634 3614 677 3679 ad
700 3618 782 3678 1409
806 3615 874 3679 sine
901 3615 1001 3679 dubio
1023 3635 1117 3678 versu
1146 3614 1260 3680 ultimo
1289 3622 1444 3681 exaratus

266 3734 345 3810 erat,
370 3727 425 3793 scd
447 3726 571 3791 numeri
595 3729 677 3789 1400
699 3726 839 3790 frustula
859 3727 954 3790 modo
977 3726 1073 3790 hodie
1096 3731 1279 3808 supersunt.

372 3838 414 3904 Id
437 3839 514 3903 satis
536 3844 658 3902 certum
680 3858 748 3901 esse
768 3837 903 3901 videtur.
948 3838 1053 3902 Multo
1073 3836 1235 3901 difficilius
1258 3843 1366 3901 autem
1391 3842 1440 3900 est

264 3950 352 4014 tituli
374 3948 576 4033 deperditam
596 3954 722 4031 partem
745 3951 903 4032 supplere,
925 3949 1012 4030 quod
1029 3947 1135 4012 facere
1157 3968 1221 4011 non
1241 3948 1308 4011 sine
1329 3946 1442 4028 aliquo

264 4066 353 4125 metu
380 4059 488 4125 conati
513 4080 639 4140 sumus,
669 4083 742 4125 cum
763 4082 826 4124 non
849 4061 1087 4142 ignoraremus,
1118 4079 1217 4139 quam
1245 4057 1339 4122 facile
1368 4057 1438 4121 fieri

263 4177 386 4255 posset,
416 4177 454 4235 ut
475 4172 571 4254 longe
592 4192 613 4236 a
635 4192 709 4235 vcro
733 4171 967 4235 aberraremus.
1011 4170 1171 4232 Attamen
1200 4188 1266 4231 rem
1291 4168 1442 4251 gravissi*

262 4304 349 4348 marn
370 4283 507 4348 fortasse
526 4289 613 4348 recte
633 4281 891 4365 significavimus,
914 4280 1002 4362 quod
1021 4283 1099 4362 J'am
1113 4279 1191 4345 satis
1213 4299 1282 4343 esse
1300 4278 1441 4343 ridetur„
