3367 5075
734 360 928 419 „7-

349 527 475 594 Eadem
497 527 538 594 de
565 548 664 593 causa
684 526 852 611 probabile
882 531 931 591 est
957 525 991 589 in
1018 523 1174 607 catalogis
1201 524 1417 608 primitiarum

244 660 344 704 annos
366 640 510 723 singulos
536 638 711 703 secundum
730 636 1047 702 Hellenotamiarum
1065 637 1203 721 imperia
1223 634 1417 724 significatos

244 772 322 816 esse.
367 751 454 837 Quid
475 748 593 835 plura?
630 749 678 815 Ut
706 750 845 833 logistae
866 769 1040 813 usurarum
1063 748 1212 814 tabulam
1237 748 1417 813 rationibus

244 883 454 946 expensorum
475 883 496 927 a
516 861 742 960 quaestoribus
762 860 921 926 institutis
952 861 1020 943 usi,
1046 861 1092 925 sio
1117 858 1283 943 catalogos
1309 861 1417 944 primi-

242 975 363 1040 tiarum
393 974 712 1039 Hellenotamiarum
743 972 903 1038 indicibus
934 973 985 1036 usi
1015 972 1165 1036 videntur
1193 971 1416 1055 composuisse.

243 1085 308 1171 Qui
329 1087 459 1168 indices,
483 1085 545 1151 etsi
563 1087 596 1149 in
615 1083 778 1167 lapidibus
796 1084 891 1150 incisi
908 1104 973 1147 non
990 1089 1077 1165 sunt,
1098 1089 1207 1148 tamen
1231 1084 1299 1149 sine
1318 1082 1416 1149 dubio

243 1198 320 1263 facti
347 1220 367 1263 a
394 1197 519 1280 logistis
550 1196 664 1279 inspici
692 1201 881 1279 potuerunt.
927 1194 1017 1280 Quos
1045 1195 1243 1261 adverbum
1269 1195 1335 1260 fere
1363 1197 1416 1262 dc·

243 1312 378 1393 scriptos
400 1330 459 1392 pro
481 1307 611 1373 tributis
638 1309 837 1389 sexagesima
867 1328 996 1389 quaque
1024 1312 1117 1390 parte
1146 1308 1253 1391 posita
1276 1307 1310 1373 in
1337 1308 1416 1392 lapi·

242 1421 337 1487 dibus
365 1419 551 1486 incidendos
580 1424 746 1483 curarunt.
789 1416 857 1482 Hic
885 1417 951 1505 illic
980 1418 1119 1483 breuiter
1146 1418 1416 1502 significaverunt,

242 1553 275 1596 se
297 1531 456 1615 primitias
475 1529 721 1613 computavisse,
744 1529 831 1593 utin
851 1550 1023 1594 usurarum
1040 1531 1163 1613 tabula,
1185 1552 1290 1612 neque
1307 1537 1415 1597 tamen

241 1663 299 1727 pro
320 1640 632 1706 Hellenotamiarum
655 1639 799 1723 imperiis
820 1641 855 1704 in
877 1641 997 1706 tabulis
1020 1641 1208 1725 significatis
1230 1663 1288 1707 sua
1309 1643 1415 1708 subito

240 1753 383 1837 posuisse
413 1752 571 1817 videntur.
616 1749 659 1817 Id
688 1772 822 1834 prorsus
856 1757 987 1835 praeter
1019 1754 1120 1817 ullam
1151 1754 1415 1837 probabilitatem

240 1871 298 1932 est.
342 1865 445 1929 Porro
471 1864 526 1927 vix
554 1862 733 1946 intellegas,
754 1852 823 1928 'cur
848 1863 923 1928 inde
946 1864 987 1929 ab
1014 1885 1098 1929 anno
1128 1863 1414 1950 0184,apraeter

239 1975 554 2040 Hellenotamiarum
582 1980 735 2059 prytanes
756 1975 945 2057 logistarum
968 1976 1092 2041 scribae
1114 1978 1238 2041 exarati
1261 1980 1333 2042 sint.
1378 1977 1414 2043 Si

238 2087 273 2151 hi
289 2109 325 2151 re
340 2107 416 2150 vera
436 2085 643 2170 intellegendi
659 2091 775 2168 essent,
799 2107 895 2169 aegre
915 2087 1081 2170 ferremus,
1105 2095 1143 2154 ut
1158 2087 1319 2154 Ohristius
1335 2090 1415 2153 mihi

240 2204 326 2264 reete
367 2197 630 2262 animadvertisse
666 2198 813 2279 videtur,
853 2199 940 2280 quod
976 2202 1184 2283 magistratus
1214 2200 1413 2284 significatio,

238 2312 329 2393 cujus
348 2309 473 2374 scribae
495 2308 639 2389 fuissent,
662 2308 795 2373 deesset.
839 2308 992 2375 Fortasse
1013 2312 1100 2376 idem
1121 2312 1169 2376 vir
1191 2312 1304 2378 doctus
1326 2322 1413 2380 recte

238 2420 411 2499 contendit,
435 2440 635 2501 quamquam
656 2419 732 2483 huic
753 2419 801 2484 rei
822 2441 886 2484 non
906 2426 1033 2485 tantum
1055 2423 1233 2505 tribuerim,
1255 2426 1288 2489 in
1309 2425 1413 2491 indice

238 2533 315 2598 anni
342 2530 433 2597 tertii
455 2530 570 2597 decimi
592 2530 748 2615 Satyrum
771 2531 927 2614 collegam
950 2531 1116 2600 Chalcidei
1137 2535 1315 2603 Melitensis
1336 2545 1412 2604 ante

237 2644 454 2727 Doryphilum
473 2642 788 2708 Hellenotamiarum
809 2644 963 2726 prytanin
985 2645 1214 2713 nominandum
1240 2648 1355 2732 fluisse,
1384 2652 1413 2718 si

236 2755 426 2839 logistarum
448 2754 553 2819 scriba
574 2754 695 2818 fuisset.

344 2864 578 2932 Gravissimum
606 2865 686 2930 mihi
716 2886 784 2930 esse
811 2866 938 2932 videtur
958 2867 1196 2935 Strombiohum
1217 2871 1410 2959 Obollidam,
1481 2869 1485 2878 ’

236 2979 292 3060 qui
314 2978 488 3042 secundum
515 2977 733 3060 primitiarum
762 2978 936 3042 laterculos
966 3002 1050 3045 anno
1079 2980 1121 3046 Ο]
1143 2985 1212 3064 84,l
1245 2982 1297 3070 (G.
1316 2986 1346 3051 Ι.
1365 2990 1410 3053 Α.

236 3088 256 3151 I
276 3088 353 3171 236)
377 3089 481 3153 scriba
503 3088 575 3170 fuit,
605 3090 781 3154 secundum
803 3088 842 3155 O.
861 3090 890 3154 Ι.
906 3088 950 3155 Α.
973 3091 993 3156 Ι
1016 3097 1079 3158 310
1101 3114 1165 3158 uno
1186 3115 1269 3160 anno
1291 3097 1410 3182 aliquo,

237 3201 294 3282 qui
325 3205 399 3264 sunt
431 3200 516 3263 inter
550 3197 593 3265 01
621 3204 692 3281 83,2
723 3205 755 3265 et
785 3205 857 3283 86,3
888 3202 1070 3269 intermedii
1098 3204 1411 3276 Hellenotamiarum

236 3310 374 3375 scribam
396 3310 503 3375 fuisse.

341 3419 573 3503 Fragmentum
594 3422 682 3487 tituli
700 3423 761 3487 hoc
782 3429 847 3488 est:

744 3541 773 3598 Γ
798 3553 828 3598 Δ
860 3546 890 3600 Ρ

747 3653 783 3708 X
803 3654 831 3709 Ρ
861 3656 890 3711 Υ
916 3658 943 3712 Σ
1057 3716 1060 3722 ,

454 3762 593 3819 Errr
744 3764 828 3821 XP
857 3767 885 3820 r
912 3768 939 3822 Σ
970 3742 1044 3824 o'r

746 3875 773 3930 Γ
795 3876 826 3932 Α
848 3877 877 3932 P
909 3878 941 3933 A
971 3878 998 3932 T
1020 3880 1052 3934 A
1070 3881 1106 3936 Μ
1130 3881 1150 3936 Ι
1179 3881 1204 3940 O
1241 3882 1261 3939 I

364 3977 714 4042 ΧΙῙΙΡΗΗΗΔΔΗ
742 3985 773 4040 E
800 3986 828 4041 T
853 3988 945 4043 AM
970 3988 989 4043 l
1014 3988 1045 4043 E
1071 3991 1100 4045 Υ
1126 3990 1150 4048 0
1178 3993 1310 4053 NH(
1389 3994 1408 4053 5

745 4096 827 4152 ΕΛ
856 4099 1209 4158 ΡΑΜΜΑΤΕ
1239 4106 1268 4160 Υ

746 4204 776 4262 Γ
796 4209 828 4265 Α
849 4209 878 4265 Ρ
906 4207 933 4266 Α
958 4210 992 4265 Η
1009 4208 1040 4264 Ε
1075 4212 1090 4265 t
1125 4213 1139 4266 l
1165 4211 1197 4268 E

283 4315 711 4374 ΧΧΡΗΗΓΔΔΓΙΗΗ
743 4320 769 4374 Σ
795 4317 870 4375 ΤΡ
901 4320 1040 4378 OMB
1070 4321 1179 4381 IX(
