3367 5075
785 359 977 420 ὣ4..

294 565 298 573 ι
386 516 389 522 ’
481 524 713 608 παρᾶταμιοῖν
735 524 1017 611 ἱερῶνχρημάτων
1034 524 1279 613 τῆςἍθηναίας

289 640 365 701 ante
387 625 615 720 supplevimus,
640 640 699 719 pro
719 635 830 702 littera
853 646 881 700 Σ
903 638 997 703 initio
1018 660 1137 704 versus,
1152 641 1314 722 sequentis
1334 643 1467 705 exarata

285 744 360 829 jure
378 746 495 811 littera
512 738 552 829 N,
574 769 659 832 quae
678 747 813 812 verbum
832 748 1045 832 ξυναρχόντων
1062 753 1225 832 terminat,
1249 758 1466 834 exspectatur.

288 856 356 926 Sed
384 879 425 922 00
456 856 725 924 Hellenotamiae.
744 860 876 942 quidem
907 861 1053 925 sollemni
1085 863 1364 928 modo—*nominati
1396 884 1466 928 esse

289 967 439 1034 ridentur
457 970 582 1035 scilicet
622 997 624 1000 ·
686 1016 689 1022 ·
1115 1026 1117 1030 ,
1456 963 1457 966 “

523 1077 769 1168 Ἑλληνοταμὶαι,
792 1079 812 1147 ὁ
832 1081 920 1147 δεῖνα
939 1084 992 1147 καὶ
1009 1084 1218 1170 ξονάρχοττες,

288 1193 341 1257 001
368 1190 539 1275 supplendi
568 1193 689 1258 rationi
717 1194 860 1276 spatium
889 1201 1058 1277 repugnet.
1101 1195 1187 1262 (ium
1217 1218 1291 1262 roro
1322 1204 1409 1263 certe
1438 1200 1467 1264 ei

288 1302 498 1386 magistratus
520 1303 707 1370 nominandi
730 1310 852 1386 essent,
881 1307 938 1387 qui
960 1307 1134 1390 pecuniam·
1154 1313 1357 1391 acceperant,
1388 1307 1467 1373 mihi

288 1414 351 1480 nisi
372 1416 433 1481 hoc
456 1415 551 1480 modo
573 1415 718 1500 suppleri
740 1437 834 1499 posse
857 1438 921 1481 non
943 1417 1087 1483 ridetur:
1170 1466 1172 1470 ,
1364 1472 1367 1477 .
1422 1475 1424 1480 ,

352 1523 521 1613 Ἀθηναίας
542 1529 734 1612 π[αρελαβον
753 1523 994 1613 Ἑλληνοταμίαι
1016 1530 1047 1593 oi
1066 1529 1138 1595 τότε
1159 1528 1303 1615 ἄρχοντε]
1328 1584 1333 1591 ,

218 1679 227 1690 ,
354 1634 1377 1748 robore··.-.···.-.·····.·eruendi⁶

353 1772 430 1814 τευε.
1483 1835 1485 1840 .

396 1860 481 1926 Oum
506 1861 623 1924 lacuna
652 1862 705 1924 vix
732 1859 826 1923 aliter
854 1862 975 1943 expleri
1001 1863 1118 1945 possit,
1150 1860 1256 1925 scriba
1277 1861 1467 1929 Hellenota

288 1973 426 2037 mianum
447 1971 550 2053 patris
579 1972 719 2053 pagique
748 1971 941 2035 nominibus·
958 1971 1091 2054 adjectis
1120 1972 1303 2036 nominatus
1333 1994 1401 2037 esse
1422 1974 1468 2038 01-

289 2082 393 2148 detur.
438 2081 582 2147 Aliunde
604 2083 631 2147 is
652 2089 751 2147 notus
770 2103 834 2146 non
856 2089 914 2147 est.
948 2083 1096 2149 Verbum
1119 2104 1255 2165 sequens
1277 2083 1345 2149 sine
1367 2085 1466 2150 dubio

288 2215 329 2260 ex
357 2197 468 2275 ταμίαι
502 2199 649 2276 superest
679 2199 712 2258 et
748 2199 936 2275 quaestores
965 2194 1129 2259 Minervae
1162 2194 1331 2278 significat.
1384 2195 1467 2261 cum

288 2326 401 2371 versus
430 2307 595 2387 proximus
629 2307 759 2369 nomina
791 2306 951 2387 quaedam
981 2312 1115 2372 exarata
1144 2306 1311 2388 exhibeat,
1348 2307 1469 2373 scilicet

288 2413 324 2497 ἐξ
352 2415 435 2492 Οἴου,
471 2423 585 2479 Ναοο.
610 2464 617 2478 .
643 2466 681 2479 ..
711 2420 816 2499 primo
847 2425 979 2500 aspectu
1010 2424 1106 2500 putes
1139 2439 1247 2483 omnes
1278 2425 1464 2501 quaestores
1565 2465 1567 2467 ψ

288 2533 492 2600 enumeratos
515 2549 594 2609 esse,
616 2527 672 2593 sed
692 2530 832 2612 spatium
854 2551 917 2594 non
939 2532 1090 2613 suppetit.
1136 2529 1167 2594 Ii
1191 2531 1287 2595 modo
1307 2532 1464 2597 nominati

287 2660 358 2705 esse
387 2638 552 2720 ridentur,
591 2641 646 2721 qui
674 2662 734 2724 pro
766 2646 834 2705 toto
865 2641 999 2724 collegio
1031 2643 1200 2726 pecuniam
1233 2642 1463 2724 persolverunt.

288 2750 512 2835 Supplererim
528 2751 600 2815 ideo
616 2756 739 2833 ταμία1ι
756 2751 850 2835 ἱερῶν
867 2752 1034 2836 χρημάτων
1048 2758 1104 2837 τῆς
1118 2749 1286 2837 Ἀθηναίας
1299 2748 1318 2816 ὁ
1336 2753 1422 2819 δεῖνα
1438 2752 1463 2835 ἒ]

352 2863 372 2942 ξ
392 2860 475 2937 Οἴου,
498 2866 600 2944 Navq
622 2912 629 2925 .
652 2911 659 2925 .
684 2912 690 2925 .
715 2912 723 2927 .
767 2861 965 2945 aspicioque}

288 2970 462 3037 Proximus
483 2994 592 3037 versus
614 2976 756 3038 'continet
776 2995 945 3037 numerum
966 2973 1163 3037 talentorum
1178 2995 1400 3056 expensorum,
1425 2976 1465 3039 de

288 3103 352 3166 quo
377 3083 447 3165 jam
474 3105 572 3167 supra
603 3087 737 3167 egimus.
782 3083 868 3149 Oum
896 3084 1007 3167 pensio
1036 3084 1133 3147 tertia
1161 3084 1206 3148 ab.
1231 3086 1324 3150 initio
1353 3108 1465 3151 000000

288 3196 415 3259 exarari
438 3202 553 3278 coepta
575 3216 644 3260 esse
665 3196 822 3282 videatur,
843 3194 996 3259 credibile
1018 3201 1068 3259 est
1090 3202 1121 3258 et
1143 3202 1217 3276 post
1238 3218 1409 3262 numerum
1433 3206 1465 3263 et

287 3306 418 3370 nomina
449 3307 593 3371 versibus
623 3307 750 3371 duobus
782 3306 1046 3370 antecedentibus
1081 3307 1187 3388 spatia
1220 3327 1322 3370 vacua
1355 3306 1464 3374 fuisse.

289 3416 346 3482 Au
369 3417 541 3498 quisquam
562 3424 658 3499 putat
680 3417 791 3481 ambos
813 3424 963 3480 accurate
984 3416 1127 3500 expletos
1148 3416 1241 3480 esse?

374 3526 492 3590 Pensio
515 3528 612 3592 tertia
640 3528 683 3591 ad
709 3527 794 3591 hunc
822 3528 890 3591 fere
912 3527 1043 3591 modum
1066 3529 1224 3612 explenda
1247 3551 1315 3594 esse
1338 3530 1467 3594 videtur

289 3680 291 3685 ·
353 3635 445 3720 Παρὰ
467 3641 602 3720 ταμιώ[ν
624 3638 718 3722 ἱεροῦν
739 3636 906 3723 χρημάτων
926 3644 981 3724 τῆς
1002 3636 1172 3726 Ἀθηναίας
1193 3637 1241 3717 οἷς
1262 3690 1271 3704 .
1295 3690 1302 3704 .
1326 3689 1333 3702 .
1358 3642 1377 3722 .]

353 3772 418 3835 τνος
440 3747 621 3830 [1000010ος
639 3746 854 3832 ἐγραμμάτευε
874 3750 1054 3833 παρέλαβον
1076 3799 1303 3816 ........
1334 3748 1378 3832 ir]

353 3883 423 3945 ερον
444 3857 511 3925 οἵδε
533 3856 786 3945 [Ἑλληνοταμίαι
808 3910 815 3924 .
841 3911 848 3924 .
873 3910 881 3923 .
904 3865 925 3943 .]

352 3968 559 4056 Ἀφιδναῖος.
584 4020 591 4033 .
613 4019 620 4033 .
646 4019 653 4034 .

356 4081 781 4154 1101ΗΗΗΗΡΤΤΤ.

290 4193 338 4260 Ut
359 4215 457 4278 supra
484 4193 629 4258 nonnulli
655 4200 858 4276 quaestores,
890 4196 936 4256 sic
961 4193 1021 4257 hoc
1048 4192 1119 4256 loco
1146 4193 1293 4260 nonnulli
1314 4191 1466 4256 Helleno-

289 4307 409 4373 tamiae
436 4307 592 4370 nominati
619 4326 687 4369 0000
709 4305 869 4385 ridentur,
902 4303 957 4385 qui
987 4324 1045 4385 pro
1069 4302 1203 4385 collegio
1224 4308 1293 4367 toto
1315 4303 1466 4386 pecunias
