3367 5075
658 1058 728 1162 .V
762 1058 779 1158 i
809 1065 913 1162 ztja.

256 1396 259 1401 '
297 1379 404 1449 Natus
427 1379 716 1464 sum-Guilelmus
738 1379 892 1463 Bannier,
920 1381 952 1448 in
975 1380 1044 1445 vico
1067 1379 1207 1461 quodam
1228 1380 1390 1449 SaxoBo·

212 1495 347 1576 russioo,
378 1493 434 1577 qui
459 1493 630 1558 remacula
651 1492 762 1574 lingua
782 1491 958 1560 Eiokhorst
979 1490 1179 1574 nominatur,
1206 1514 1237 1558 a.
1259 1493 1291 1558 d.
1320 1491 1389 1557 XI.

213 1604 291 1670 Kal.
314 1605 387 1672 Oct.
413 1605 594 1674 anni1867
617 1609 720 1668 matre
743 1602 926 1684 Guilelmia,
954 1608 1089 1685 egente
1109 1603 1260 1685 Bannier,
1281 1623 1390 1686 ¹quam

211 1722 285 1800 post
307 1715 480 1800 Adelphus
501 1715 612 1799 Meyer
635 1715 668 1779 in
689 1714 931 1779 matrimonium
952 1712 1055 1780 duxit.
1099 1714 1215 1779 Fidem
1237 1712 1391 1779 confiteor

193 1827 437 1910 revengelioam.
482 1827 524 1891 In
548 1826 659 1891 schola
689 1823 895 1890 elementaria
917 1824 1186 1909 Duelsehergensi
1207 1826 1392 1914 litterarum

213 1939 378 2004 elementis
396 1937 538 2006 imbutus
557 1959 642 2006 anno
667 1942 749 2002 1878
776 1936 941 2019 gymnasio
964 1934 1201 2018 Soltquellensi,
1222 1936 1308 2020 quod
1330 1934 1391 2000 Le·

213 2050 366 2134 gerlotzio
389 2050 547 2115 directore
563 2049 672 2131 floret,
698 2048 838 2114 traditus
861 2063 943 2111 sum.
987 2046 1186 2112 Maturitatis
1207 2046 1390 2112 testimonio

205 2161 357 2230 >munitus
375 2162 451 2226 anni
471 2164 552 2227 1887
567 2182 640 2225 vere
658 2159 875 2226 universitatis
893 2156 1106 2240 Tubingensis
1126 2158 1250 2225 civibus
1273 2159 1393 2242 ascrip

214 2278 268 2337 tus
290 2293 375 2354 sum,
400 2279 437 2336 ut
456 2271 688 2355 philosophiae,
711 2269 915 2354 philologiae,
938 2268 1093 2335 historiae
1119 2270 1235 2337 studiis
1261 2265 1392 2354 operam

201 2384 336 2449 darem.
379 2381 496 2447 Hieme
519 2381 662 2466 ejusdem
683 2382 760 2446 anni
782 2379 970 2446 Berolinum
990 2403 1041 2447 me
1063 2382 1184 2447 contuli
1205 2382 1315 2466 ibique
1336 2403 1393 2466 per

216 2495 332 2579 septies
353 2494 409 2559 sex
430 2514 552 2559 menses
574 2494 687 2560 iisdem
712 2493 828 2561 studiis
841 2492 990 2560 incubui.
1035 2494 1226 2562 Docuerunt
1241 2475 1303 2561 'me
1329 2492 1393 2559 Tu·

202 2606 332 2689 bingae
354 2605 413 2670 viri
435 2605 602 2670 clarissimi
624 2604 762 2688 Kugler,
793 2592 940 2688 Sigwart,
969 2603 1086 2689 Spitta,
1114 2605 1268 2697 Strauch3
1294 2605 1392 2671 Bero-

215 2717 274 2781 lini
289 2716 430 2799 Curtius,
451 2716 553 2799 Diels,
570 2715 714 2799 Dilthey,
731 2715 955 2800 Ehbinghaus,
967 2714 1097 2799 Geigor,
1111 2709 1249 2800 Grimm,
1260 2716 1393 2803 Hirsch-

215 2827 292 2909 feld,
311 2826 460 2909 Hi'rbner,
482 2826 664 2910 Kirchhoff,
684 2828 835 2910 Paulsep,
857 2828 897 2891 Ε.
914 2827 1072 2909 Schmidt,
1091 2827 1232 2912 Vahlen,
1244 2829 1393 2901 Watten-

219 2939 316 3021 bach,
351 2939 469 3006 Zeller.
512 2938 692 3006 Seminario
723 2939 1123 3023 philologorumVahleni
1145 2945 1178 3005 et
1198 2939 1393 3006 Kirchhol‘fii

201 3051 367 3134 auspiciis
389 3072 447 3134 per
469 3056 519 3115 ter
544 3068 599 3116 sex
625 3072 765 3136 menses,
797 3050 1080 3117 exercitationibus
1102 3051 1144 3116 ad
1170 3050 1394 3134 inscriptiones

216 3161 360 3230 Graecas
393 3161 611 3247 spectantibus
644 3160 839 3228 Kirchhoffii
870 3162 1068 3245 benignitate
1099 3183 1158 3247 per
1191 3168 1306 3245 quater
1339 3183 1394 3228 sex

202 3295 338 3340 menses
360 3273 501 3342 interfui.
540 3272 668 3358 Quibus
683 3274 759 3339 viris
777 3272 925 3339 omnihus
945 3274 1068 3356 gratias
1090 3294 1151 3357 ago
1175 3295 1282 3357 quam·
1295 3273 1394 3339 maxi·

216 3406 294 3467 mae,
317 3385 466 3468 inprimis
485 3406 559 3449 vero
580 3386 648 3450 viro
674 3384 851 3451 clarissimo
874 3383 1089 3467 Kirchhoffio,
1113 3386 1169 3469 qui
1191 3385 1301 3450 studia
1321 3406 1394 3450 mea

214 3517 339 3561 summa
364 3516 438 3565 cum
463 3494 696 3579 benevolentia,
728 3496 885 3579 consiliis,
914 3497 1060 3582 exemplo
1090 3503 1122 3562 et
1153 3497 1331 3564 sublevavit
1359 3503 1393 3563 et

214 3609 316 3675 duxit.
