3367 5075
618 365 916 425 ...3-

339 529 394 595 Ac
415 531 554 615 primum
577 531 707 613 quidem
727 531 937 598 manifestum
957 538 1009 596 est
1030 532 1205 597 secundam
1225 507 1407 614 pensionem

42 695 47 706 .
161 708 165 715 ,
233 642 275 707 ab
298 642 348 706 his
370 642 475 707 verbis
496 642 624 707 initium
645 644 783 727 cepisse:
816 641 977 729 Ἀθηναῖοι
998 639 1173 729 depluens
1193 642 1268 708 τάδε
1289 642 1322 722 ἐς
1343 696 1350 710 .
1374 649 1408 730 .-]⁴

5 803 6 846 ;
126 751 128 756 ’
234 751 326 836 quae
348 753 446 819 rerba
471 754 533 819 hoc
561 755 632 819 loco
658 756 764 839 posite
794 754 1020 821 difficultatem
1048 754 1211 837 quandam
1240 756 1407 838 praebent.

233 864 319 930 011111-
337 866 425 938 'enim
445 866 519 930 hinc
540 868 615 930 novi
640 868 716 931 anni
738 865 809 931 fieri
830 868 976 946 initium,
1005 872 1076 930 tum
1103 887 1212 930 omnes
1240 867 1408 949 pensiones

231 978 264 1041 in
303 977 428 1042 tabula
459 984 609 1043 exaratas
649 978 762 1043 eodem
802 998 887 1041 anno
925 976 1027 1042 factas
1060 998 1129 1041 esse
1163 979 1406 1051 existimaveris,

231 1088 337 1170 Illud,
368 1088 456 1171 quod
476 1088 576 1158 rerba
598 1085 757 1174 Ἀθηναῖοι
779 1085 943 1174 ἀνήλωσαν
971 1090 1094 1171 primae
1121 1090 1235 1171 cuique
1263 1093 1407 1173 pensioni

231 1200 371 1281 quodam
393 1221 477 1265 anno
499 1198 605 1294 111111
626 1199 897 1284 praefigiselent,
919 1200 989 1281 hoc,
1010 1201 1097 1282 quod
1116 1206 1258 1266 extremo
1278 1223 1408 1286 qnoque

230 1332 314 1375 anno
336 1313 568 1377 consummatio
589 1293 773 1396 fierisolet,
803 1333 903 1393 quam
924 1310 1038 1376 tabula
1059 1319 1171 1377 nostra
1191 1334 1255 1377 non
1278 1314 1408 1380 exhibet

229 1444 275 1487 vs.
303 1428 333 1488 5.
379 1423 536 1487 Attamen
563 1421 706 1487 fortasse
727 1424 847 1488 omissa
869 1428 934 1505 est,
964 1424 1051 1505 quod
1079 1444 1143 1488 una
1172 1424 1268 1489 modo
1296 1427 1407 1508 pensio

230 1532 318 1598 iacta
339 1539 397 1599 est.
443 1533 506 1600 Oui
525 1534 768 1606 ratiocinationi
786 1556 860 1600 curn
879 1556 944 1599 non
966 1534 1113 1617 habeam,
1144 1556 1201 1599 cur
1219 1556 1405 1618 repugnem,

230 1646 358 1709 interim
381 1665 449 1709 rem
472 1645 505 1709 in
526 1647 631 1711 medio
646 1647 836 1729 ‚relinquere
859 1667 964 1728 cogor.

314 1755 367 1819 Ex
396 1757 493 1822 verbo
523 1753 692 1843 Ἀθηναίας
720 1758 814 1823 facile
842 1757 1047 1828 concluditur
1076 1778 1168 1821 versu
1196 1757 1406 1828 antecedente

231 1874 416 1948 quaestores
436 1869 603 1935 Minervae
624 1869 806 1934 nominatos
829 1890 906 1934 esse.
951 1868 1017 1936 Pro
1041 1868 1186 1932 sollemni
1207 1889 1285 1932 casu
1306 1869 1406 1932 norni-

229 1981 337 2044 nativo
366 1985 485 2061 tamen,
514 1987 552 2043 ut
572 1981 701 2045 initium
723 1981 840 2045 tertiae
862 1981 1026 2063 pensionis
1046 1981 1149 2062 docet,
1180 1980 1340 2044 exstitisse
1362 1981 1406 2044 vi·

229 2090 338 2155 detur:
365 2090 464 2176 [παρά
479 2099 602 2173 ταμιῶν
624 2092 718 2176 ἱερῶν
741 2090 910 2178 χρημάτων
932 2094 998 2178 τῆς]
1021 2093 1197 2179 Ἀθηναίας.
1234 2088 1308 2173 Quo
1330 2113 1404 2175 supy

227 2202 388 2285 plemento
412 2203 517 2286 posito
539 2224 613 2266 cnm
639 2202 798 2267 secundus
821 2223 931 2267 versus
953 2203 1056 2267 multo
1076 2205 1200 2292 longior
1222 2224 1320 2285 quam
1342 2204 1405 2287 pri·¹

228 2335 299 2378 mus
320 2313 395 2395 fiat,
426 2314 513 2397 quod
535 2313 605 2378 fieri
627 2315 755 2377 minime
781 2314 876 2378 debet
897 2316 930 2378 in
951 2314 1048 2379 titulo
1070 2320 1220 2382 accurate
1242 2315 1406 2402 στοιχηδὸν

227 2425 403 2508 perscripto
429 2424 635 2490 manifestum
657 2430 705 2489 est
735 2426 837 2508 primo
864 2448 957 2491 versu
980 2428 1078 2490 etiam
1101 2426 1288 2494 archontes]
1309 2428 1405 2510 hujus

227 2538 313 2618 anni,
336 2543 374 2601 ut
393 2536 475 2601 solet
497 2536 576 2619 fieri,
606 2538 805 2602 nominatum
825 2559 903 2602 esse.
948 2538 984 2601 Is
1005 2544 1075 2601 erat
1095 2536 1299 2621 Monychides
1320 2562 1404 2609 anno

228 2647 272 2714 01
292 2653 343 2730 85,
364 2659 389 2730 1,
412 2669 508 2731 quem
527 2672 646 2714 annum
662 2650 837 2715 secundum
853 2649 931 2713 belli
949 2637 1049 2712 inisse
1068 2648 1257 2731 plerumque
1275 2657 1405 2734 putant.

227 2756 299 2838 Quo
330 2762 458 2824 nomine
489 2761 593 2844 posito
623 2761 698 2825 talis
731 2760 835 2824 oratio
868 2761 988 2825 evenit:

289 2867 448 2956 Ἀθηναῖοι
469 2870 645 2958 adsiluere
666 2870 740 2935 τάδε
761 2870 815 2934 ἐντὶ
838 2872 1016 2955 Μορυχίδου
1037 2870 1187 2956 ἄρχοντος
1209 2871 1241 2949 ἒς
1262 2872 1326 2956 τὸν]

252 3036 255 3041 ,
289 2982 372 3066 ντρός
394 2982 727 3066 Σαμία1αςντόλεμον·
750 2982 838 3067 παρὰ
862 2990 985 3064 ταμιῶν
1007 2984 1101 3066 ἱερῶν
1122 2983 1291 3067 χρημάτων
1311 2986 1380 3070 τῆς]

289 3089 512 3181 Ἀθηναίας..
538 3146 545 3158 .
569 3145 576 3159 .

332 3204 424 3287 Quae
445 3228 518 3271 curn
544 3227 607 3271 non
629 3208 734 3271 solum
757 3214 835 3289 apta
857 3208 908 3287 sit⁷
939 3205 994 3268 sed
1021 3206 1118 3269 etiam
1140 3206 1322 3270 litterarum
1344 3229 1401 3272 nu·

225 3335 323 3396 mero,
353 3337 492 3398 quarum
519 3319 746 3401 quadragenae
767 3324 945 3401 quaternae
966 3336 1093 3380 versum
1114 3318 1289 3399 complent,
1318 3339 1401 3382 com·

226 3426 410 3508 mendetur,
438 3429 574 3492 fortasse
596 3435 683 3493 recte
707 3452 740 3495 se
769 3430 879 3495 habet.
924 3429 1047 3495 Versus
1073 3427 1188 3491 tertius
1216 3436 1274 3493 aut
1304 3450 1401 3511 quae-

225 3543 348 3600 storum
370 3540 499 3602 nomina
520 3540 581 3604 hoc
603 3542 699 3606 modo
722 3547 872 3606 exarata:
900 3546 956 3603 τοῦ
979 3538 1078 3614 δεῖνος
1103 3539 1154 3601 καὶ
1179 3540 1398 3623 ξυναρχόντων,

224 3643 271 3723 οἷς
293 3643 311 3711 ὁ
333 3648 418 3713 δεῖνα
444 3648 673 3733 ἐγραμμάτευε,
706 3660 764 3717 aut
793 3673 903 3716 eorum
931 3650 987 3731 qui
1015 3652 1167 3731 pecunias
1196 3657 1397 3734 acceperant,

225 3761 391 3824 continuit.
419 3752 502 3824 ⁴Eos
525 3762 606 3825 alios
627 3768 726 3843 atque
746 3760 1001 3826 Hellenotamias
1023 3766 1082 3824 aut
1110 3766 1272 3844 praetores
1301 3761 1399 3828 fuisse

224 3872 276 3933 vix
298 3871 451 3936 credibile
480 3878 537 3936 est.
583 3872 740 3938 Attamen
765 3895 838 3938 curn
867 3893 959 3936 versu
988 3877 1105 3952 quarto
1132 3872 1239 3936 scriba
1265 3873 1397 3954 quidam

224 3990 374 4047 exaratus
397 3984 503 4066 fuerit,
528 3985 744 4066 consequitur,
767 3989 805 4048 ut
825 3988 990 4065 praetores
1013 3984 1170 4049 nominati
1190 4004 1254 4047 non
1275 3984 1397 4051 fuerint

222 4115 315 4159 versu
336 4096 552 4161 antecedente.
596 4095 736 4160 Restant
758 4096 858 4177 igitur
880 4100 1045 4177 questores
1059 4095 1224 4160 Minervae
1245 4103 1302 4161 aut
1318 4097 1398 4162 Hel-

222 4207 422 4273 lenotamiae.
467 4206 531 4272 Sed
560 4208 611 4289 hi,
643 4227 707 4270 non
733 4206 790 4287 illi,
821 4206 978 4270 nominati
1006 4226 1074 4271 esse
1097 4205 1262 4290 videntur,
1294 4215 1331 4273 ut
1358 4232 1397 4275 ex

222 4318 325 4401 prima
348 4319 459 4383 littera
480 4321 645 4400 sequentis
664 4339 775 4383 versus
797 4317 972 4401 colligitur.
1016 4317 1103 4381 Nam
1126 4317 1261 4384 sirecte

1192 4420 1223 4473 1*
