3367 5075
760 353 975 418 ..12-

278 540 363 614 nono
392 539 501 587 mense
533 514 674 607 capiunt.
712 513 836 588 ¹Paullo
865 530 940 606 post
967 525 1162 607 Byzantium
1191 525 1225 588 in
1252 523 1349 589 fidem
1376 525 1454 590 reci·

277 632 375 714 pinu·
441 665 444 670 Ι
490 625 493 630 4
529 650 532 657 Ι
651 621 655 626 .
1020 629 1024 636 Δ
1235 633 1237 636 ,

317 736 339 786 ',
359 742 547 810 Samiorum
564 749 596 810 et
611 744 811 809 Milesiorum
826 744 1003 811 discordias
1022 744 1065 812 Ol
1081 749 1152 828 84,t
1171 746 1302 811 demum
1318 753 1454 811 exeunte

277 874 363 918 anno
393 854 491 920 fuisse
509 849 619 921 'etiam
641 855 862 938 Thucydides,
895 857 923 922 si
951 878 1080 922 sensum
1106 857 1170 922 loci
1198 862 1284 922 recte
1313 860 1452 941 percepi,

276 964 422 1031 tradidit.
467 965 603 1049 Scripsit
615 968 641 1053 ⁰)
671 969 756 1033 enim
786 960 964 1033 discordias
992 968 1065 1034 illas
1094 967 1168 1033 inde
1183 969 1241 1033 ‘ab
1267 968 1403 1036 indutiis
1429 990 1453 1034 ε

276 1073 541 1143 Lacedaemoniis
563 1078 885 1162 Atheniensibusque
908 1081 942 1144 in
961 1077 1094 1162 triginta
1116 1101 1216 1145 annos
1238 1079 1332 1143 factis
1361 1086 1452 1143 sexto

276 1208 360 1252 auno
377 1186 486 1270 fuisse,
508 1189 543 1254 id
565 1195 614 1254 est
633 1193 776 1273 quinque
797 1191 889 1259 annis
910 1196 993 1274 post.
1031 1190 1185 1256 Indutiae
1200 1192 1300 1274 igitur
1315 1189 1358 1256 Ol
1368 1195 1452 1272 .83,3

276 1305 412 1365 exeunte
434 1321 519 1364 anno
541 1299 646 1367 factae
674 1308 758 1367 sunt.
803 1301 898 1367 Unde
921 1302 1088 1385 usquead
1109 1302 1237 1366 initium
1259 1302 1336 1368 belli
1357 1301 1451 1367 Pelo·

274 1411 470 1494 pennesiaci,
485 1412 617 1480 ‘scilicet
637 1413 927 1496 Elaphebolicnem
948 1435 1091 1478 mensem
1109 1413 1186 1477 anni
1207 1412 1249 1480 Ol
1265 1417 1333 1495 87,1
1360 1418 1452 1494 quat·

274 1520 538 1588 tuordecimanni
550 1526 795 1608 praeterierunt,
818 1530 898 1608 quot
919 1546 1020 1589 annos
1035 1526 1236 1609 praeteriisse
1247 1524 1452 1607 Thucydides

274 1633 448 1699 contendit.
461 1636 487 1721 ⁹)
532 1635 568 1703 Si
598 1657 672 1701 vero
701 1636 881 1701 discordiae
908 1641 1045 1700 exeunte
1073 1658 1158 1701 anno
1186 1637 1316 1701 demum
1345 1635 1451 1701 factae

273 1751 358 1828 sunt,
378 1745 449 1811 fieri
472 1768 537 1811 nou
555 1741 672 1831 potest,
693 1752 733 1811 ut
755 1747 875 1812 bellum
898 1747 1010 1811 eodem
1031 1768 1115 1810 anno
1137 1748 1205 1829 geri
1226 1752 1377 1830 coeptum
1398 1749 1449 1831 sit,-

273 1858 335 1921 uisi
354 1857 439 1923 forte
460 1859 532 1940 quis
554 1860 693 1942 primam
708 1859 945 1943 expeditionem
960 1859 1089 1922 initium
1104 1858 1182 1922 belli
1199 1858 1449 1940 intellegendum

273 1990 340 2034 esse
361 1974 465 2052 putat,
496 1969 584 2051 quod
603 1970 672 2052 ipse
694 1992 758 2036 non
784 1969 895 2055 posui,
926 1973 963 2032 ut
984 1991 1024 2033 ex
1045 1969 1143 2033 rebus
1170 1989 1268 2053 supra
1297 1971 1449 2052 expositis

273 2080 437 2145 evincitur.
482 2077 566 2145 cum
593 2080 692 2162 igitur
719 2080 924 2164 Thucydides
954 2081 1005 2163 id,
1036 2080 1123 2162 quod
1153 2102 1252 2164 supra
1274 2102 1314 2145 ex
1339 2082 1448 2164 lapide

271 2189 495 2271 conclusimus,
516 2191 707 2258 confirmare
723 2194 870 2259 uideatur
891 2192 1028 2258 fortasse
1049 2198 1135 2256 recte
1157 2191 1197 2257 de
1219 2192 1395 2258 Sosistrato
1417 2199 1450 2258 et

272 2310 357 2383 Φορο
374 2351 381 2365 .
398 2352 406 2368 .
421 2351 429 2368 .
445 2351 452 2366 .
471 2302 528 2367 illo
539 2303 764 2387 judicavimus,
780 2305 878 2387 quod,
895 2308 1008 2387 quanti
1022 2305 1176 2369 momenti
1193 2311 1284 2396 esset,
1299 2306 1448 2371 vidimus.

271 2412 374 2496 Lapis
387 2416 520 2497 integer,
545 2436 619 2479 cum
633 2417 915 2481 consummationis
930 2414 1071 2481 formula
1086 2417 1312 2499 grandioribus
1332 2416 1449 2482 litteris

272 2531 406 2590 exarata
427 2547 490 2591 non
513 2526 565 2609 sit,
589 2521 675 2609 quod
696 2526 767 2594 fieri
788 2528 879 2610 solet,
910 2529 938 2593 si
960 2530 1066 2593 omnia
1086 2550 1145 2611 per
1168 2550 1289 2593 annum
1311 2551 1448 2612 expensa

271 2637 494 2721 complectitur
519 2639 619 2703 etiam
646 2638 753 2722 plures
775 2641 943 2722 pensiones
971 2640 1153 2704 exhibuisse
1180 2640 1325 2720 videtur,
1362 2660 1446 2721 quae

271 2769 344 2813 cum
373 2749 416 2814 ab
445 2748 709 2815 antecedentibus
738 2756 926 2834 segregatae
954 2757 1075 2832 essent,
1107 2752 1141 2814 in
1172 2750 1237 2815 alio
1265 2771 1329 2831 quo
1361 2749 1446 2815 bello

269 2859 384 2923 eodem
413 2880 496 2923 anno
516 2865 607 2942 gesto
633 2857 841 2943 consumptae
867 2867 969 2926 eraut.
1003 2900 1046 2908 -
1074 2861 1191 2943 Neque
1217 2861 1273 2925 diu
1302 2860 1445 2925 dubitari

269 2976 384 3053 potest,
409 2971 496 3053 quod
518 2971 639 3035 bellum
660 2970 911 3054 intellegendum
929 2973 980 3037 sit.
1019 2971 1145 3037 Eodem
1166 2993 1250 3036 anno
1275 2971 1360 3035 enim
1381 2972 1446 3056 By·

270 3082 368 3146 zantii
393 3102 532 3163 quoque,
554 3084 610 3163 qui
630 3104 695 3147 una
717 3103 790 3146 cum
813 3082 931 3150 Samiis
949 3082 1142 3164 defecerant,
1174 3083 1216 3146 ad
1238 3065 1379 3148 officium
1397 3106 1446 3149 re-

269 3190 360 3256 ducti
379 3197 463 3274 sunt,
487 3192 576 3274 quod
594 3213 693 3276 supra
711 3193 781 3275 jam
803 3195 981 3277 attigimus.
1026 3193 1098 3278 Quo
1117 3195 1213 3259 modo
1232 3196 1358 3260 subacti
1381 3197 1445 3261 sint

269 3303 474 3385 Thucydides
485 3302 511 3387 ⁸)
534 3324 598 3367 non
621 3306 803 3369 accuratius
823 3304 972 3387 explicat,
1003 3306 1059 3370 sed
1080 3305 1251 3371 verisimile
1272 3313 1322 3372 est
1341 3294 1445 3374 Athe

268 3414 427 3479 niensium
455 3414 591 3478 classem
617 3411 734 3479 Samiis
762 3415 905 3479 subactis
930 3414 1124 3498 Byzantium
1154 3418 1332 3501 obsedisse,
1366 3421 1444 3484 dum

267 3544 379 3589 rursus
401 3526 434 3589 in
462 3523 656 3589 deditionem
675 3527 771 3591 venit.
816 3524 875 3590 Ad
896 3526 981 3591 hanc
1002 3548 1070 3592 rem
1091 3528 1207 3612 lapidis
1227 3529 1444 3614 fragmentum

338 3721 361 3786 ⁶)
384 3718 471 3773 1115
492 3718 722 3791 Ἀναχωρήσαντες
745 3716 774 3772 δὲ
796 3718 853 3773 ἀπὸ
877 3720 994 3789 Εὖβοίας
1018 3722 1050 3776 οὗ
1072 3722 1167 3790 πολλῷ
1188 3723 1304 3795 ὕστερον
1327 3720 1443 3778 σπονδὰς

268 3803 432 3869 ἐποιήσαντο
455 3804 523 3874 πρὸς
545 3802 773 3872 Λακεδαιμονίους
797 3812 842 3858 καὶ
864 3806 927 3863 τούς
951 3807 1101 3875 ξιιμμάχους
1123 3809 1348 3880 τριακοντούτεις,
1374 3807 1442 3860 cirro-

268 3886 359 3944 δόντες
386 3888 505 3941 Νίσαιαν
531 3895 576 3942 καὶ
597 3890 693 3961 Πηγὰς
717 3896 763 3952 4ιεοιὶ
795 3894 929 3962 Τροιζῆνα
954 3897 1000 3945 καὶ
1013 3893 1143 3959 ’Ἀχαίαν
1177 3898 1264 3948 ταῦτα
1288 3893 1342 3964 γὰρ
1368 3893 1442 3958 εἶχον
1545 3953 1549 3961 ι

265 3972 405 4040 Ἀθηναῖοι
432 3973 675 4041 Πελοποννησίων,
705 3975 792 4042 'Eudtp
812 3975 848 4030 >de
874 3982 927 4031 ἔτει
955 3984 1069 4047 Σαμίοις
1090 3985 1135 4031 καὶ
1159 3978 1301 4046 Μιλησίοις
1323 3978 1442 4047 πόλεμος

266 4059 334 4128 ίγεν.
351 4078 380 4114 τε.
400 4062 453 4131 Hp.

337 4143 360 4213 7)
377 4144 445 4199 112
474 4147 592 4216 Τέσσερα
621 4150 674 4214 μὲν
694 4145 747 4217 γὰρ
777 4154 821 4201 καὶ
845 4147 908 4201 δέκα
932 4152 977 4216 ἔτη
1008 4155 1149 4218 ἐνέμειναν
1173 4156 1201 4203 al
1224 4153 1441 4226 τριακοντούτεις

213 4278 218 4287 ,
266 4225 390 4289 σπονδαὶ,
409 4233 438 4281 οἳ
455 4231 582 4300 ἐγίνοντο
599 4231 657 4299 μετ’
677 4233 795 4300 Εὐβοίας
812 4232 922 4288 ἅλωσιν.
1218 4226 1221 4230 ⁴

335 4316 358 4384 ⁸)
376 4315 392 4370 Ι
406 4318 456 4371 117
473 4315 622 4384 ξυνέβησαν
640 4315 668 4385 δὲ
685 4323 730 4370 καὶ
741 4319 890 4383 Βυζάντιοι
907 4319 999 4390 ὥσπερ
1016 4326 1061 4373 nal
1078 4323 1215 4393 πρότερον
1232 4325 1349 4389 ὑπήκουε
1361 4321 1438 4378 εἶναι.
