3367 5075
685 1057 732 1156 V
766 1057 784 1157 i
814 1064 918 1160 ta.

260 1391 263 1398 '
301 1375 409 1445 Natus
431 1376 720 1461 sum,·Guilelmus
742 1379 896 1462 Bannier,
924 1381 956 1448 in
980 1379 1048 1446 rico
1071 1380 1394 1462 quemnemo-Bo·
1508 1379 1510 1381 ’

216 1491 352 1572 russioo,
382 1490 438 1573 qui
463 1490 634 1554 vernacula
655 1489 766 1572 lingua
786 1490 962 1559 Elickhorst
983 1491 1183 1575 nominatur,
1210 1515 1241 1559 a.
1263 1494 1295 1558 d.
1320 1493 1393 1559 XI.

217 1599 295 1666 Kal.
317 1601 391 1668 Oct.
417 1603 492 1666 anni
517 1605 598 1666 1867
621 1605 724 1667 matre
747 1601 930 1684 Guilelmia,
958 1624 975 1667 e
997 1608 1092 1685 gente
1113 1604 1264 1686 Bannier,
1284 1625 1394 1687 ,quam

210 1718 289 1795 >post
310 1712 483 1795 Adolphus
497 1712 616 1797 ,Meyer
639 1713 672 1777 in
693 1713 934 1778 matrimonium
956 1712 1058 1779 duxit.
1103 1715 1219 1781 Fidem
1240 1714 1394 1781 confiteor

216 1823 441 1906 evangelicam.
485 1824 527 1888 In
551 1824 663 1889 schola
693 1822 899 1889 elementaria
920 1823 1190 1909 Duelsebergensi
1211 1821 1395 1916 litterarum

217 1935 381 1999 elementis
399 1934 542 2004 imbutus
561 1957 645 2001 anno
670 1940 753 2000 1878
779 1936 945 2018 gymnasio
967 1934 1204 2020 Soltquellensi,
1226 1937 1312 2021 quod
1334 1936 1394 2002 Le-

216 2046 369 2129 gerlotzio
392 2047 550 2113 directore
567 2047 676 2128 floret,
701 2047 841 2112 traditus
864 2062 946 2110 sum.
990 2046 1189 2112 Maturitatis
1211 2049 1393 2114 testimonio

210 2157 359 2225 ,munitus
377 2159 454 2223 anni
474 2163 554 2223 1887
571 2180 643 2223 vere
660 2158 878 2222 universitatis
896 2155 1109 2240 Tubingensis
1129 2159 1253 2226 civibus
1276 2162 1396 2244 ascrip-

216 2273 270 2333 tus
293 2289 378 2349 sum,
403 2276 440 2332 ut
459 2269 691 2351 philosophiae,
714 2268 918 2352 philologiae,
942 2268 1096 2335 historiae
1122 2271 1251 2347 studiis
1265 2266 1395 2355 operam

204 2380 338 2445 darem.
382 2377 498 2444 Hieme
522 2379 665 2463 ejusdem
686 2381 762 2444 anni
784 2378 973 2445 Berolinum
993 2403 1044 2446 me
1066 2383 1186 2447 contuli
1208 2383 1317 2467 ibique
1339 2406 1395 2468 per

219 2492 335 2575 septies
355 2490 411 2555 sex
432 2511 555 2556 menses
577 2491 690 2558 iisdem
715 2492 830 2561 studiis
845 2492 993 2559 incubui.
1038 2494 1228 2562 Docnerunt
1244 2476 1305 2562 “me
1332 2495 1396 2561 'lu-

205 2601 416 2684 hingae‘viri
438 2603 605 2691 clarissimi
627 2601 764 2686 Kugler,
795 2602 942 2687 Sigwart,
972 2604 1089 2689 Spitta,
1116 2606 1270 2698 Strauch3
1296 2605 1394 2673 Bero-

217 2713 276 2777 lini
292 2712 433 2794 Curtius,
453 2713 555 2796 Diels,
573 2714 716 2797 Dilthey,
733 2714 957 2798 Ebbinghaus,
970 2714 1100 2799 Geiger,
1114 2710 1251 2802 Grimm,
1262 2718 1395 2805 Hirsch-

217 2823 294 2904 feld,
313 2822 462 2905 Hitbner,
484 2823 666 2908 Kirchhoff,
686 2826 837 2909 Paulson,
859 2826 899 2890 Ε.
916 2826 1074 2910 Schmidt,
1093 2827 1234 2913 Vahlen,
1246 2830 1395 2901 watten-
1429 2898 1431 2901 ,

221 2934 318 3017 bach,
353 2936 470 3002 Zeller.
515 2935 694 3003 Seminario
724 2938 960 3022 philologorum
983 2939 1125 3009 Vahleni
1147 2946 1184 3011 et¹
1199 2941 1395 3007 Kirchhosfii

202 3048 369 3131 ⁴auspiciis
390 3069 449 3131 per
471 3053 520 3112 ter
538 3062 601 3116 ,sex
617 3070 766 3133 menses,
799 3051 1082 3119 exercitationibus
1104 3053 1147 3117 ad
1171 3052 1395 3136 inscriptiones

218 3158 362 3226 Graecas
395 3159 613 3244 spectantibus
645 3160 841 3228 Kirchhoffii
872 3161 1069 3245 benignitate
1102 3184 1160 3248 per
1192 3168 1308 3247 quater
1340 3185 1396 3230 sex

204 3291 340 3335 menses
362 3270 502 3339 interfui.
541 3270 670 3356 Quibus
684 3273 760 3338 viris
779 3271 928 3339 omnibus
947 3275 1069 3356 gratias
1092 3295 1153 3357 ago
1176 3296 1283 3357 quamv
1297 3274 1395 3341 maxi·

217 3402 296 3462 mas,
318 3381 465 3464 inprimis
486 3404 560 3447 vero
581 3383 649 3449 viro
676 3383 853 3449 clarissimo
875 3382 1090 3468 Kirehhoffio,
1115 3388 1170 3470 qui
1192 3378 1302 3452 studia
1322 3408 1395 3452 mea

216 3513 341 3557 summa
366 3513 439 3561 cum
465 3492 697 3576 benevolentia,
729 3495 886 3577 consiliis,
916 3497 1061 3581 exemplo
1091 3502 1123 3562 et
1154 3497 1332 3585 sublevavit
1360 3504 1394 3565 et

215 3604 317 3670 duxit.
426 3667 429 3671 .
