3367 5075
721 353 935 414 ...21-

242 525 369 588 uiarum
400 545 484 587 anno
515 521 557 589 Ol
587 528 658 603 88,3
690 543 903 605 expensarum
933 519 1165 604 complectitur.
1211 517 1257 582 Ut
1292 519 1325 581 in
1355 518 1416 582 hoc

240 635 430 717 fragmento,
462 634 562 700 sicin
584 634 639 698 illo
661 632 900 698 Pandionidem
924 634 1108 716 prytaniam
1130 628 1281 714 prytania
1304 633 1416 693 octava

241 745 368 828 excipit.
381 745 424 831 ²⁴)
468 746 617 828 Accedit,
641 744 728 827 quod
750 744 906 826 reliquiae
930 745 1065 808 nominis
1087 741 1211 807 exarati
1233 760 1272 806 ex
1289 740 1415 805 Aristo-

240 856 313 921 telis
335 858 493 940 praetoris
524 856 651 921 nomine
680 876 848 939 superesse
867 854 1034 936 videntur,
1064 854 1121 936 qui
1149 873 1216 917 una
1243 872 1316 914 cum
1337 849 1415 915 Hie·

239 968 398 1051 rophonte
414 971 460 1033 eis
478 969 589 1050 viginti
608 967 744 1033 naribus
761 972 920 1051 praeerat,
942 988 1023 1049 quas
1043 967 1289 1029 Acarnanenses
1310 962 1415 1027 hieme

240 1076 282 1143 Ol
306 1084 377 1160 88,3
401 1080 520 1144 auxilio
542 1084 749 1161 vocaverunt,
779 1084 817 1145 ut
838 1077 1058 1144 Demosthene
1081 1078 1163 1142 duce
1185 1074 1415 1157 Ampraciotas

239 1192 272 1250 et
286 1187 539 1270 Peloponnesios
554 1190 663 1273 Argos
677 1181 963 1272 Amphilochicum
986 1208 1174 1272 oppugnare
1195 1185 1413 1269 prohiberent.

240 1295 337 1379 Quod
360 1320 458 1381 quarn
480 1300 644 1384 praeclare
669 1299 879 1383 perfecerint,
910 1321 1004 1364 nemo
1032 1300 1141 1365 nescit.
1185 1296 1307 1361 Hostes
1331 1296 1414 1361 enim

239 1408 303 1473 fusi
324 1431 364 1474 ac
386 1411 491 1494 fugati
513 1417 598 1492 sunt,
626 1416 663 1475 ut
683 1410 918 1476 Demosthenes
937 1417 1025 1477 metu
1046 1410 1172 1493 abjecto
1194 1408 1345 1474 Athenas
1368 1429 1415 1472 re-

215 1601 218 1609 Δ
239 1519 308 1586 dire
338 1543 402 1586 uon
432 1521 613 1602 dubitaret,
646 1544 719 1587 cum
743 1523 818 1587 illae
838 1522 952 1606 viginti
974 1543 1070 1587 naves
1093 1521 1301 1604 Naupactum
1323 1520 1414 1585 rehe-

238 1638 362 1714 rentur,
392 1633 448 1697 ubi
477 1639 678 1699 remanentes
700 1655 771 1699 eam
794 1633 983 1717 pensionem
1005 1633 1164 1716 accepisse
1187 1633 1345 1714 ridentur,
1373 1632 1414 1698 de

239 1764 305 1824 qua
325 1745 461 1826 agimus.
474 1745 516 1824 2⁶)

325 1852 388 1920 oui
409 1854 648 1921 ratiocinationi
670 1857 726 1922 illa
751 1862 833 1922 1267
855 1857 979 1922 talenta
1001 1862 1075 1941 post
1097 1856 1247 1923 lacunam
1262 1868 1413 1938 expressa

236 1986 367 2048 prorsus
396 1988 575 2052 repugnare
604 1969 761 2034 videntur.
806 1969 854 2034 Ut
882 1970 966 2035 enim
991 1990 1164 2034 usurarum
1185 1967 1298 2032 tabula
1320 1967 1414 2032 docet

237 2096 342 2158 neque
371 2078 432 2142 hoc
459 2091 547 2144 'anno
580 2100 685 2161 neque
719 2088 789 2145 toto
823 2081 1035 2162 quadriennio
1065 2085 1176 2146 tantae
1210 2078 1365 2162 pecuniae
1394 2100 1414 2144 a

238 2190 464 2269 quaestoribus
497 2188 662 2254 Minervae
699 2211 857 2273 expensae
890 2198 976 2257 sunt.
1026 2192 1186 2256 Attamen
1221 2190 1413 2256 contendere

237 2300 342 2364 ausim
369 2322 404 2365 re
433 2321 509 2364 vera
534 2304 643 2364 tantas
670 2302 823 2385 pecunias
852 2324 909 2386 per
937 2324 1038 2368 uuum
1068 2324 1188 2367 annum
1218 2300 1259 2367 Ol
1283 2305 1353 2381 88,3
1379 2303 1411 2367 in

237 2409 321 2474 bello
340 2418 548 2495 consumptas
567 2433 646 2478 esse.
692 2411 774 2496 Quis
795 2416 880 2477 enim
896 2415 1005 2480 credet
1021 2414 1078 2480 illa
1095 2418 1155 2478 261
1172 2413 1306 2494 talenta,
1329 2434 1413 2495 quae

237 2542 411 2588 usurarum
432 2524 546 2591 tabula
567 2524 706 2607 exhibet,
730 2525 879 2592 omnibus
893 2548 949 2591 sex
965 2524 1222 2610 expeditionibus
1238 2507 1412 2606 suffecisse,

237 2651 334 2713 quam
354 2655 422 2698 rem
444 2657 543 2718 supra
561 2637 630 2719 jam
652 2635 843 2720 attigimus?
878 2637 990 2721 Quare
1012 2637 1183 2721 suspiceris
1204 2639 1357 2719 pecunias
1372 2658 1412 2702 ex

235 2741 400 2810 Minervae
428 2749 553 2813 aerario
582 2753 696 2813 mutuo
719 2753 866 2833 sumptas
889 2755 1016 2832 partem
1037 2749 1132 2814 modo
1155 2750 1297 2814 omnium
1318 2770 1412 2831 pecu·

236 2854 362 2919 uiarum
385 2864 646 2942 consumptarum
669 2859 821 2926 effecisse.
866 2861 1018 2926 Alteram
1040 2867 1164 2944 partem
1191 2881 1326 2942 eamque
1355 2861 1412 2926 ali·

236 2971 358 3046 quanto
379 2970 535 3051 majorem
555 2970 815 3038 Hellenotamiae
836 2972 1087 3057 perpenderunt,
1111 2993 1247 3056 quorum
1269 2973 1411 3038 rationes

235 3075 313 3141 item
345 3078 378 3143 in
412 3080 526 3146 tabula
554 3089 666 3148 nostra
696 3085 838 3151 breviter
870 3085 1067 3169 significatas
1098 3083 1195 3149 fuisse
1224 3084 1410 3151 incredibile

235 3188 313 3252 mihi
342 3211 411 3256 esse
440 3214 504 3257 non
531 3193 668 3259 videtur.
713 3193 749 3260 si
778 3197 863 3260 enim
895 3196 953 3262 illa
986 3200 1067 3262 1267
1095 3196 1220 3260 talenta
1253 3217 1409 3261 summam

235 3301 390 3381 pecuniae
418 3302 479 3369 hoc
505 3325 630 3370 annea
656 3307 882 3388 quaestoribus
909 3308 1073 3373 Minervae
1102 3326 1260 3391 expensae
1290 3306 1409 3373 effecis-

235 3415 314 3490 sent,
345 3413 572 3493 grandioribus
595 3416 713 3484 litteris
735 3420 900 3503 exaranda
922 3420 1069 3501 fuissent,
1099 3420 1187 3501 qued
1206 3418 1285 3482 mihi
1305 3418 1409 3501 negle-

234 3521 373 3603 gendum
401 3543 470 3588 esse
498 3546 560 3590 non
582 3519 721 3594 ridetur.
767 3530 855 3615 Quid
886 3532 926 3597 de
955 3532 1062 3615 spatio
1090 3552 1192 3595 vacuo
1214 3530 1409 3595 talentorum

234 3631 498 3715 significationem
526 3639 748 3722 antecedente,
779 3662 838 3724 pro
865 3662 929 3723 quo
957 3643 1106 3724 quintam
1128 3649 1160 3707 et
1182 3648 1306 3707 sextam
1332 3663 1408 3725 peu·

233 3743 355 3808 sionem
378 3752 545 3811 exaratam
568 3769 636 3814 esse
659 3754 905 3834 exspectaveris,
924 3752 1138 3836 judicandum
1161 3755 1213 3835 sit,
1237 3756 1352 3819 nescio.

305 3974 340 4042 14)
359 3975 389 4031 G.
406 3974 431 4030 I.
449 3978 484 4033 A.
497 3977 575 4033 1273
600 3979 682 4050 Τρίτῃ
693 3976 765 4036 δόσις
783 3980 827 4033 ἐπὶ
843 3982 890 4047 τῆς
910 3980 1109 4053 Παν[δισνι’δσξς
1126 3987 1297 4055 πρυτανείας]
1314 3984 1409 4056 τετάρ-

351 4081 397 4126 της
414 4064 631 4132 πρυτανευούσης
648 4106 654 4120 .
674 4106 680 4120 .
699 4106 706 4121 .
725 4106 732 4121 .

238 4142 383 4216 Τ[στόρτ]η
401 4142 473 4202 δόσις
485 4149 530 4201 ἐστὶ
540 4151 587 4215 τῆς
597 4148 784 4218 Ἀκαμαντίδος
801 4156 975 4225 πρυτανσίαῘς
992 4151 1086 4224 ὀγδόης
1101 4157 1106 4226 Ι
1121 4156 1347 4228 πρυτανευσόσ]ης
1360 4200 1386 4214 ..

231 4230 369 4299 [Πόμτ]τη
386 4227 458 4287 δόσις
476 4234 520 4284 ἐπὶ
536 4237 583 4301 τῆς
598 4234 798 4309 ’Δκαμαν[τι’δσς
815 4239 991 4309 adoraretur
1014 4237 1109 4309 ὀγδόης
1129 4243 1362 4312 πρυτανευούσης.

301 4314 629 4393 ἫΜΜΜἭ
