3367 5075
208 1222 286 1324 De
320 1221 476 1323 titulis
499 1220 685 1354 aliquot
708 1222 887 1323 Atticis
914 1223 1126 1324 rationes
1149 1222 1381 1357 pecunia-

396 1427 505 1492 rum
539 1391 788 1494 Minervae
825 1393 1188 1495 exhibentibus,

743 1616 847 1624 -ι

316 1749 510 1835 Quicunque
539 1771 590 1813 res
620 1750 662 1814 ab
685 1749 941 1815 Atheniensibus
969 1757 1077 1833 gestas
1105 1751 1286 1818 accuratius
1315 1771 1384 1834 per-

211 1865 349 1925 tractare
379 1860 538 1942 studebit,
572 1860 678 1925 facere
710 1882 775 1925 non
797 1862 934 1945 poterit,
968 1862 1045 1944 quin
1079 1883 1133 1927 eas
1161 1861 1383 1945 inscriptiones

213 1969 354 2053 Atticas,
377 1993 460 2054 quae
481 1974 623 2037 rationes
644 1972 854 2055 pecuniarum
872 1973 1037 2038 Minervae
1057 1972 1242 2038 exhibentes
1263 1973 1306 2038 ad
1325 1993 1383 2037 nos

212 2089 441 2167 pervenerunt,
473 2105 570 2165 quam
594 2084 838 2167 diligentissime
859 2085 1038 2168 perquirat.
1084 2083 1183 2169 Quas,
1215 2084 1307 2168 cujus
1327 2084 1385 2148 im·

211 2195 323 2280 primis
342 2201 524 2278 temporum
542 2197 684 2260 rationes
699 2216 888 2278 cognoscere
903 2195 1046 2278 interest,
1070 2196 1236 2279 neglegere
1255 2196 1385 2261 omnino

209 2328 275 2370 non
305 2306 410 2371 debet.
456 2306 520 2372 Sed
545 2328 618 2370 cum
645 2307 752 2371 adbuc
781 2327 846 2370 non
873 2307 934 2370 nisi
960 2307 1141 2390 fragmenta
1169 2306 1283 2373 effossa
1311 2306 1385 2388 sint,

210 2438 302 2498 rare,
333 2421 580 2499 quantacunque
612 2439 710 2500 opera
734 2418 924 2498 insumitur,
954 2419 1134 2501 quidquam
1163 2419 1241 2483 certi
1262 2417 1386 2502 praedi·

117 2595 120 2601 ,
212 2528 279 2594 cari
298 2532 414 2612 potest.
459 2527 573 2610 Neque
593 2535 700 2594 tamen
718 2529 898 2613 putaverim
920 2530 960 2596 de
982 2553 1020 2596 eo
1042 2530 1148 2612 titulo,
1171 2532 1227 2613 qui
1244 2531 1387 2596 continet

212 2642 354 2707 rationes
377 2640 417 2705 dc
440 2640 581 2723 pecuniis
603 2641 636 2704 in
659 2641 780 2705 bellum
800 2641 954 2707 adversus
975 2643 1102 2709 Samios
1123 2642 1298 2724 gerendum
1320 2663 1387 2706 ero

213 2752 296 2836 gatis
318 2752 449 2817 omnino
472 2752 707 2835 desperandum
736 2774 820 2834 esse,
854 2753 910 2818 sed
935 2775 974 2817 ex
1003 2753 1185 2837 fragmento
1209 2754 1297 2837 ipsc,
1326 2753 1388 2817 nisi

212 2864 318 2945 fallor,
348 2863 495 2927 concludi
523 2871 640 2947 potest,
671 2864 790 2946 quibus
820 2867 911 2929 annis
942 2865 1061 2930 bellum
1084 2865 1166 2929 illud
1187 2872 1314 2948 gestum
1334 2867 1387 2929 sit.

215 2970 387 3056 Quaeres,
408 2996 481 3039 cum
502 2976 608 3040 adhuc
630 2977 709 3040 satis
731 2977 854 3041 incerta
876 2984 967 3059 esset,
990 2976 1123 3060 indigna
1143 2978 1222 3041 mihi
1237 2976 1304 3041 visa
1324 2997 1388 3041 non

215 3087 281 3163 est,
315 3104 397 3164 quae
427 3087 610 3151 accuratius
639 3087 904 3153 consideraretur.
948 3088 1181 3171 Fragmentum
1214 3089 1248 3151 in
1282 3088 1388 3171 lapide

215 3192 381 3258 Pentelico
397 3217 417 3259 a
431 3205 526 3279 parte
546 3220 657 3263 aversa
679 3206 711 3263 et
733 3199 865 3264 sinistra
881 3200 1017 3282 integro,
1041 3221 1061 3264 a
1082 3199 1214 3281 reliquis
1232 3198 1388 3265 lateribus

217 3304 330 3368 mutilo
351 3308 563 3390 perscriptum
584 3310 645 3374 hoc
667 3317 715 3375 est
737 3309 788 3390 (O.
810 3310 838 3374 I.
860 3311 905 3373 A.
927 3310 946 3374 Ι
970 3315 1061 3389 177);

856 3540 887 3594 Ε
936 3540 969 3595 K

786 3651 813 3706 L
866 3653 887 3702 Σ
935 3651 965 3706 Ε

715 3762 742 3816 Σ
793 3759 816 3816 0
863 3764 889 3816 Σ
938 3762 957 3817 Ι

655 3867 671 3927 J
715 3872 742 3926 Φ
787 3872 815 3927 Ρ
855 3871 886 3925 Ε
932 3873 963 3927 Α

500 3981 526 4035 Η
574 3981 602 4047 Δ
646 3980 673 4048 Δ
716 3982 741 4036 Ρ
792 3982 819 4037 Τ
862 3982 889 4036 Τ
936 3982 963 4036 Τ

499 4092 531 4148 Α
573 4093 597 4148 θ
643 4091 673 4147 Ε
714 4093 750 4147 Ν
790 4094 821 4148 Α
863 4093 882 4148 Ι
933 4091 956 4148 0
1004 4091 1022 4147 1

499 4200 1088 4261 ΓΡΟΣΣΑΜΙ(

500 4314 1098 4372 ΑΘΕΝΑΙΑΣΓ

1190 4412 1202 4462 l
