3367 5075
726 368 923 430 ...5...

233 543 435 621 acceperant.
479 533 591 619 Quod?
605 536 739 602 verbum
768 517 846 601 ante
876 533 981 619 tropos
1012 536 1195 617 exstiterit,
1215 534 1329 599 dicere
1344 554 1415 606 ,non

234 649 367 714 audeca
394 647 478 714 Post
494 648 628 712 nomina
652 666 885 728 numerumque
914 668 1025 713 rursus
1054 648 1161 732 spatia
1189 667 1292 716 vacua
1306 644 1414 714 >fuisso

235 760 404 825 veriumile
426 766 485 824 est.
529 758 654 827 Versus
677 758 897 842 paenultimus
918 757 1012 824 facile
1035 760 1080 825 sic
1103 759 1266 843 expletur:

297 873 526 954 Χοάμτταντο[ς
545 867 970 957 άναλιόματοςκεφάλαιον].
1016 869 1123 937 Versu
1141 871 1260 936 ultimo
1290 871 1414 938 exstitit

233 986 647 1084 :rua[sqrre...·..
728 989 730 994 ’
887 994 943 1018 2
1367 995 1369 998 ¹

233 1097 346 1162 Etiam
364 1095 424 1159 hos
446 1095 528 1159 duos
552 1108 661 1158 versus
688 1093 795 1176 spatia
814 1113 916 1157 vacua
943 1094 1140 1159 continuisse
1161 1093 1332 1159 verisimile
1354 1099 1413 1157 est

241 1253 243 1260 ·
341 1205 393 1271 Ne
414 1210 480 1270 sint
500 1226 578 1271 sane
599 1205 727 1287 singula
745 1210 833 1269 recte
856 1206 1022 1288 suppleta,
1053 1211 1162 1270 tamen
1190 1212 1318 1272 certum
1344 1224 1414 1270 esse

233 1319 364 1383 videtur
385 1338 422 1381 re
444 1338 520 1382 vera
542 1323 724 1399 utrumque,
754 1337 850 1398 quem
872 1316 1011 1382 scribam
1031 1315 1129 1381 firisse
1151 1315 1327 1401 posuimus,
1351 1316 1413 1380 sci·

233 1430 310 1495 licet
331 1430 471 1493 alterum
491 1427 814 1509 Hellenotamiarum,
836 1427 976 1493 alterum
1005 1434 1213 1510 quaestorum
1238 1427 1413 1510 Minervae,

234 1540 373 1605 scribam
387 1539 494 1603 hrisse.
526 1537 621 1623 Quod
637 1541 754 1603 summi
769 1541 924 1604 momenti
941 1546 1000 1606 est.
1034 1539 1119 1606 Oum
1135 1541 1220 1604 enim
1235 1547 1318 1623 Φορο
1332 1587 1341 1605 .
1356 1587 1365 1604 .
1380 1587 1388 1604 .
1403 1587 1413 1609 .

235 1651 367 1734 quidam
387 1649 702 1715 Hellenotamiarum
724 1652 830 1716 scriba
847 1651 954 1733 fuerit,
983 1658 1119 1737 apparet
1140 1641 1271 1717 titulum
1295 1650 1370 1715 inde
1392 1671 1414 1716 a

234 1783 328 1827 versu
358 1766 388 1825 6.
417 1783 481 1826 non
511 1762 652 1829 rationes
681 1785 767 1828 anno
798 1761 842 1830 Ol
871 1768 941 1847 85,l
969 1770 1117 1846 erogatas
1152 1762 1311 1828 exhihere.
1361 1762 1412 1827 Eo

234 1895 317 1939 anno
348 1875 432 1938 enim
462 1873 525 1938 fuit
555 1874 751 1941 Sosistratus
782 1875 917 1957 quidam
946 1876 1263 1941 Hellenotamiarum
1297 1874 1412 1956 scriba,

232 1993 270 2051 ut
291 2008 330 2051 ex
351 1986 550 2069 praescripto
570 1986 718 2052 laterculi
736 1987 953 2070 primitiarum
974 1987 1017 2052 ad
1039 2006 1161 2051 annum
1184 1986 1228 2052 01
1248 1991 1317 2068 85‚1
1343 2008 1413 2069 per·

232 2096 363 2161 tinentia
386 2097 553 2162 evincitur.
598 2097 682 2163 Vide
705 2099 765 2163 sis:
799 2097 837 2164 Ο.
861 2099 890 2164 Ι.
915 2100 959 2164 A.
982 2100 1097 2164 1240.

297 2206 352 2273 ἐπὶ
373 2214 430 2294 τῆς
451 2213 601 2292 πέμπτης
619 2209 673 2272 καὶ
699 2208 831 2297 δεκάτης
859 2209 975 2297 ἀρχῆς,
1004 2202 1025 2294 ᾗ
1048 2213 1264 2290 Σωσίστρατος
1285 2207 1415 2296 ’Υβάάης

232 2318 456 2403 ἐγραμμάτευε.
502 2319 662 2400 Αἰσχύλος
683 2317 869 2397 Ἐλευσίνιος
890 2318 1133 2408 Ἑλληνοταμίας
1155 2310 1201 2406 ἦν

340 2430 499 2497 Attamen
515 2452 589 2494 cum
600 2429 861 2496 Hellenotamiae
881 2433 969 2513 item,
991 2439 1029 2497 ut
1045 2437 1232 2514 quaestores
1247 2429 1412 2498 Minervas

233 2542 473 2608 Panathenaeis
490 2543 629 2624 demum,
647 2564 711 2608 non
730 2544 823 2609 initio
839 2547 915 2609 anni
937 2545 1040 2609 civilis
1059 2544 1252 2626 magistratu
1274 2543 1410 2627 abirent,

232 2652 327 2718 facile
353 2653 471 2718 dixerit
500 2655 573 2736 quis
602 2654 694 2718 illum
723 2664 805 2739 Φορο
827 2705 835 2719 .
860 2705 867 2719 .
892 2705 899 2719 .
923 2705 930 2719 .
954 2677 1086 2720 munere
1114 2655 1280 2738 usquead
1303 2655 1410 2725 Paua·

231 2764 371 2829 thenaea
406 2765 450 2831 Ol
479 2769 548 2846 85,l
581 2764 729 2830 functum
767 2773 939 2850 propterea
970 2769 1171 2832 nominatum
1203 2786 1300 2849 esse„
1323 2766 1411 2849 quod

232 2876 337 2958 prima
358 2876 468 2959 pensio
491 2882 567 2939 ante
589 2876 820 2942 Panathenaea
842 2878 930 2943 facta
951 2880 1003 2943 sit.
1047 2877 1113 2944 Sed
1141 2878 1183 2943 sit
1204 2898 1280 2942 sane
1300 2879 1410 2961 pensio

231 2986 353 3068 prima,
393 2987 434 3051 de
470 3008 534 3070 qua
568 3009 604 3051 re
644 2989 788 3053 dubitari
823 3010 918 3071 posse
948 3010 1046 3073 supra
1078 2989 1408 3072 commemoravimus,

231 3103 341 3162 tamen
368 3119 433 3162 non
464 3100 685 3164 concesserim
709 3099 801 3164 illum
835 3108 952 3186 Φυρο.
1088 3107 1166 3165 ante
1197 3099 1409 3169 Sosistratum

231 3230 361 3273 munere
390 3209 537 3274 functum
566 3231 646 3275 esse.
690 3209 763 3276 Nisi
793 3213 878 3275 enim
908 3213 1015 3275 omnia
1044 3233 1095 3276 me
1122 3211 1239 3276 fallunt
1267 3210 1320 3275 hic
1346 3210 1409 3275 sub

231 3320 347 3385 litteris
366 3341 461 3386 versu
484 3326 502 3386 3
530 3323 671 3387 exaratis
693 3322 843 3409 (ΣΟΣΙ)
866 3323 965 3403 latet,
995 3323 1081 3387 unde
1107 3321 1261 3403 efficitur,
1294 3326 1332 3385 ut
1352 3320 1408 3386 ille

232 3437 315 3512 Φορο
334 3480 342 3494 .
362 3478 370 3495 .
392 3478 429 3496 ..
453 3453 537 3497 anno
554 3440 640 3516 post,
662 3454 728 3497 non
749 3439 825 3498 ante
840 3432 1156 3499 Hellenotamiarum
1177 3433 1284 3499 scriba
1300 3432 1406 3514 iurent,

232 3541 352 3607 scilicet
383 3542 459 3607 inde
486 3564 507 3608 a
532 3543 770 3611 Panathenaeis
801 3544 845 3610 Ol
874 3548 946 3625 85ss
975 3566 1077 3628 usque
1106 3545 1148 3610 ad
1176 3545 1407 3610 Panathenaea

231 3651 274 3717 Ol
291 3657 370 3734 85,3.
413 3653 499 3717 Eam
524 3654 623 3736 igitur
644 3656 839 3739 pensionem,
867 3678 950 3739 quae
973 3678 994 3721 a
1015 3656 1120 3721 verbis
1148 3655 1310 3744 Ἀθηναῖοι
1329 3653 1406 3741 άνή·

230 3764 333 3844 λωσοα
356 3765 490 3830 >initium
516 3769 643 3850 capiat,
672 3787 756 3831 anno
786 3766 1068 3849 eloquentem
1096 3788 1165 3832 esse
1194 3773 1329 3833 constat
1370 3765 1407 3832 Si

230 3876 335 3957 prima
355 3897 484 3959 quoque
505 3877 590 3942 ratio
612 3877 717 3943 eidem
737 3899 821 3943 auno
843 3878 1017 3943 tribuenda
1038 3885 1097 3954 est,
1121 3883 1188 3944 sine
1213 3879 1311 3944 dubio
1329 3885 1406 3944 ante

230 3988 463 4054 Panathenaea
496 3987 674 4054 Sosistrato
709 4010 842 4054 munere
878 3988 1031 4073 fungente
1062 4011 1201 4073 expensa
1234 3997 1292 4055 est.
1340 3989 1406 4057 Sed

229 4106 304 4164 utut
324 4121 375 4165 res
399 4122 433 4165 se
453 4099 561 4183 habet,
591 4100 619 4164 si
640 4122 675 4165 re
696 4122 772 4166 vera
795 4106 916 4165 ΣΟΣΙ
935 4122 974 4164 ex
996 4099 1173 4168 Sosistrato
1199 4109 1348 4186 superest
1371 4108 1405 4171 et

230 4218 322 4294 Φορο.
346 4210 681 4300 ¹Hellenotamiarum
704 4211 809 4276 scriba
827 4198 1081 4295 putandus‘hst,
1112 4212 1159 4297 de,
1182 4234 1248 4296 qua
1276 4235 1313 4278 re
1328 4204 1404 4279 'non

225 4310 301 4404 jam*
325 4322 555 4405 dubitaverim,
588 4323 748 4405 sequitur,
784 4328 822 4386 ut
855 4308 1014 4387 secundus
1049 4309 1155 4388 annus
1183 4322 1261 4401 belli
1292 4331 1404 4394 conha
