3367 5075
712 365 925 427 -11...

233 553 326 598 oasus
348 532 450 597 dativi
471 533 569 598 verbo
591 530 823 616 γραμματεύειν
842 531 990 615 subjecti.
1031 530 1218 600 Boeekhius
1240 533 1330 599 illam
1352 534 1411 601 dif-

234 643 410 709 ficultatem
423 643 547 724 vitarit,
569 664 640 707 cum
658 643 693 708 id
708 642 936 727 fragmentum,
956 644 1008 710 oui
1029 639 1106 726 ‘vulg
1127 643 1302 730 τριάκοντα
1319 667 1410 730 prae·

234 754 334 820 fixum
364 760 445 837 erat,
479 775 563 819 anno
597 755 734 838 septimo
764 755 1006 822 attribuendum
1040 777 1108 826 esse
1137 762 1284 840 putaret,
1318 759 1410 840 eujus

235 866 325 931 tituli
345 866 487 946 frustula
508 867 705 950 praescripto
730 866 901 932 vacabant.
946 867 1115 951 Supplevit
1137 869 1237 952 igitur
1266 868 1333 951 [ἐπὶ
1355 876 1411 956 τῆς

234 977 368 1065 ἑβδόμης
388 973 503 1064 ἀρχῆς·
534 974 552 1043 ὁ
574 978 660 1043 detra
681 976 909 1061 ἐγραμμάτευε]
937 990 1005 1057 τοῖς
1026 981 1198 1064 τριάκοντα.
1244 979 1309 1046 Sed
1330 981 1410 1046 ordo

233 1111 254 1154 a
274 1089 439 1155 Koehlero
468 1090 635 1153 institutus
664 1085 747 1154 illud
774 1087 990 1172 fragmentum
1019 1111 1103 1158 auno
1131 1093 1244 1173 tertio,
1275 1092 1328 1156 oui
1356 1091 1410 1157 ἐπὶ

232 1208 290 1289 τῆς
309 1198 417 1288 τρίτης
437 1198 544 1287 ἀρχῆς,
568 1193 588 1285 ᾗ
613 1198 764 1283 Διότιμος
783 1199 997 1285 ἐγραμμάτευε
1018 1202 1198 1286 praefixum
1220 1209 1279 1285 est,
1313 1205 1412 1287 assig-

232 1313 376 1377 nandum
397 1333 465 1378 esse
486 1313 589 1377 dooet.
633 1310 683 1378 Re
704 1331 781 1377 vera
804 1311 905 1394 igitur
925 1314 1160 1396 praescriptum
1182 1315 1264 1379 duos
1285 1316 1411 1381 datiuos

234 1424 373 1488 exhibet.
423 1423 539 1505 Neque
575 1444 650 1488 vero
687 1424 869 1507 putaverim
906 1424 1018 1490 ambos
1051 1424 1148 1490 verbo
1181 1433 1411 1509 γραμματεύειν

234 1535 450 1617 subjiciendos
472 1556 556 1617 esse,
587 1535 643 1600 sed
664 1525 684 1620 ᾖ
708 1536 819 1618 modo,
851 1557 924 1600 eum
953 1536 1122 1618 haeream,
1153 1538 1210 1619 qui
1240 1537 1281 1603 de
1307 1538 1412 1604 verbis

233 1658 301 1724 ταῖς
325 1647 489 1731 τριάκοντα
513 1647 726 1731 judicandum
755 1648 806 1712 sit.
851 1647 925 1712 Nisi
954 1647 1133 1714 diffiderem
1161 1654 1254 1713 tanta
1279 1648 1412 1715 brevilo

234 1760 365 1841 quentia
386 1759 599 1825 Athenienses
622 1781 765 1842 unquam
786 1773 963 1841 usos‘esse,
987 1759 1128 1825 Christis
1147 1759 1342 1826 adsentirem
1364 1783 1413 1826 ar·

233 1869 354 1935 bitrato
382 1870 506 1953 aliquid
537 1874 661 1954 animo,
691 1872 843 1954 conjicias
871 1870 947 1938 τάδε
975 1868 1167 1958 ἀπεφάνθη,
1198 1873 1411 1955 supplendum

234 2002 311 2046 esse.
356 1981 538 2047 Diotimum
565 2004 641 2047 vero
668 1983 859 2067 logistarum
893 1983 1032 2050 scribam
1063 1983 1312 2066 intellegendum
1345 2004 1412 2049 esse

234 2094 469 2177 praescriptum
490 2094 568 2158 mihi
592 2095 707 2160 dooere
727 2113 791 2159 non
814 2094 951 2159 ridetur.

320 2202 447 2287 Quibus
479 2205 575 2270 rebus
608 2206 804 2289 interpositis
837 2205 880 2268 ad
912 2202 1123 2270 Sosistratum
1155 2208 1226 2287 jam
1259 2206 1410 2287 redimus,

234 2336 332 2397 quem
353 2323 482 2398 praeter
503 2317 595 2382 illum
610 2326 693 2402 Φαρο
717 2365 723 2380 .
744 2361 753 2382 .
776 2365 784 2380 .
809 2366 816 2380 .
842 2321 1011 2382 exaratum
1029 2337 1098 2381 esse
1119 2316 1272 2382 arbitrati
1291 2317 1412 2383 bellum

235 2431 348 2490 eontra
372 2426 497 2493 Samios
516 2430 608 2494 annis
631 2427 674 2494 Ol
689 2429 758 2510 85,1
776 2433 808 2492 et
823 2432 894 2510 85ss
913 2434 1040 2510 gestum
1056 2448 1124 2492 esse
1146 2433 1289 2493 statuere
1308 2430 1413 2493 ooaoti

234 2560 355 2603 sumus.
400 2536 526 2622 Quibus
548 2542 772 2623 anni0185‚l
798 2540 996 2624 temporibus
1018 2541 1145 2605 initium
1169 2540 1297 2625 ceperit,
1321 2563 1412 2608 aoou·

233 2651 337 2715 ratius
360 2652 423 2716 diei
444 2674 508 2717 non
534 2653 604 2735 jam
629 2658 743 2737 potest.
789 2652 854 2720 Sed
877 2673 950 2716 oum
971 2672 1035 2717 non
1064 2653 1166 2716 multo
1188 2658 1262 2736 post
1283 2654 1413 2718 tertiam

235 2764 470 2847 expeditionem
497 2770 661 2848 praetores
689 2766 763 2830 novi
785 2766 863 2831 anni
888 2764 1122 2855 auxilio-missi
1151 2766 1224 2846 sint,
1256 2766 1410 2847 sequitur,

234 2882 271 2939 ut
300 2875 421 2940 bellum
451 2898 558 2942 mense
584 2876 842 2961 Elaphebolione
871 2877 937 2942 fere
965 2876 1095 2941 initium
1121 2876 1252 2960 ceperit.
1295 2874 1412 2942 Hieme

235 2987 445 3070 praecedente
468 2986 570 3053 Samii
588 2990 838 3055 Atheniensium
862 2988 1033 3071 praesidio,
1063 2987 1151 3070 quod
1178 2994 1252 3070 post
1273 2989 1413 3071 primam

235 3098 470 3182 expeditionem
491 3102 559 3164 sine
573 3100 672 3165 dubio
695 3107 820 3166 aestate
840 3099 962 3164 factam
978 3099 1126 3164 relietum
1145 3103 1224 3181 erat,
1244 3098 1413 3164 Pissuthni

235 3211 355 3275 tradito
386 3210 538 3278 defecisse
559 3212 718 3278 ridentur.
762 3211 955 3277 Diseordiae
981 3216 1090 3276 autem
1118 3211 1202 3274 inter
1225 3210 1352 3278 Samios
1380 3218 1412 3276 et

235 3321 387 3404 Milesios,
409 3329 541 3407 propter
559 3345 639 3407 quas
657 3323 762 3407 prima
784 3323 947 3406 expeditio
966 3322 1008 3386 ab
1025 3319 1279 3387 Atheniensibus
1300 3328 1412 3388 eontra

236 3431 362 3498 Samios
383 3432 470 3497 faeta
492 3439 558 3514 est,
590 3441 725 3499 exeunte
749 3455 833 3499 anno
854 3433 897 3500 Ol
917 3436 988 3516 e4,4
1008 3433 1068 3496 nisi
1087 3432 1185 3498 fallor
1207 3439 1304 3499 natae
1327 3441 1411 3499 sunt.

320 3543 395 3609 Hoe
417 3545 512 3608 modo
534 3545 633 3627 igitur
649 3568 700 3611 res
721 3547 787 3610 alia
809 3545 908 3610 aliam
929 3544 1090 3628 excepisse
1110 3544 1268 3610 videntur.

322 3654 366 3722 Ol
389 3659 460 3737 84,4
484 3662 582 3736 (vere)
606 3655 707 3723 Samii
728 3663 761 3720 et
784 3657 904 3721 Milesii
926 3655 1088 3720 discordes
1110 3655 1201 3719 fiunt.

322 3764 365 3832 Ol
387 3770 457 3849 85,l
482 3773 632 3848 (aestate)
652 3766 867 3832 Athenienses
877 3767 1015 3851 primam
1029 3766 1264 3849 expeditionem
1277 3764 1411 3830 faciunt.

235 3934 238 3937 ,
322 3876 365 3943 Ol
387 3883 455 3961 85,l
481 3879 612 3959 (hieme)
634 3877 736 3945 Samii
759 3883 792 3941 et
813 3877 964 3960 Byzantii
984 3876 1148 3942 deficiunt.

322 3989 365 4056 Ol
388 3991 457 4070 85,l
485 3995 583 4070 (vere)
611 3989 827 4055 Athenienses
861 3987 1033 4053 secundam
1064 3993 1097 4052 et
1125 3987 1223 4072 paulo
1255 3992 1329 4071 post
1360 4008 1412 4053 ex·

235 4101 431 4184 peditionem
452 4101 581 4165 tertiam
603 4100 736 4165 faciunt.

322 4211 364 4278 Ol
392 4216 462 4294 85ss
491 4210 644 4298 (aestate)
681 4210 899 4276 Athenienses
933 4211 1076 4293 quinque
1114 4230 1211 4276 novos
1248 4216 1411 4293 praetores

235 4324 383 4405 mittunt,
418 4323 475 4405 qui
508 4345 573 4392 uua
605 4345 678 4387 uum
707 4324 850 4405 quinque
888 4322 1021 4405 reliquis
1055 4321 1190 4388 Samum
1228 4321 1412 4388 obsidentes
