3367 5075
748 365 962 428 -18-

269 531 429 598 Periclem
450 532 555 616 ipsum
578 529 680 596 solum
700 550 740 593 ex
760 529 979 597 Acamantida
999 531 1088 597 tribu
1109 537 1254 600 creatum
1278 552 1362 614 esse,
1391 531 1444 597 cni

269 666 363 709 nemo
386 631 616 709 contribulium
635 663 695 726 par
716 647 809 707 esset.
853 640 939 709 (lum
959 665 1020 727 res,
1050 649 1088 707 ut
1112 643 1241 712 tabulae
1265 642 1388 726 docent,
1411 664 1444 708 se

269 761 383 821 contra
404 755 542 837 habeat,
571 754 632 819 hoc
657 754 886 835 judicaverim:
925 752 1085 836 Quoniam
1104 754 1248 820 Pericles
1268 776 1325 838 per
1345 755 1444 819 conti·

269 889 349 932 nuos
372 888 472 932 annos
497 867 687 948 creabatur,
717 865 789 932 fieri
810 887 874 930 non
897 867 1020 950 potuit,
1051 871 1089 931 ut
1116 869 1216 931 etiam
1237 865 1442 947 contribulati,
1513 841 1516 845 Δ

268 982 295 1044 11
313 978 369 1043 alii
390 984 554 1062 praetores
570 977 688 1061 singuli
710 997 749 1041 ex
768 977 902 1060 singulis
924 978 1072 1044 tribubus
1095 979 1196 1044 creati
1216 984 1329 1061 essent,
1352 999 1443 1061 prae-

269 1096 354 1155 tores
376 1089 499 1155 fierent.
537 1087 633 1172 Quod
656 1110 729 1152 oum
751 1089 876 1171 patriae
900 1090 1029 1156 minime
1052 1091 1152 1155 saluti
1173 1111 1241 1156 esse
1264 1094 1371 1173 posset
1386 1088 1444 1154 ali·

269 1224 332 1285 quo
354 1202 449 1267 modo
475 1201 644 1265 vitandum
670 1207 749 1265 erat.
794 1201 847 1264 Ao
873 1201 935 1266 nisi
962 1200 1058 1266 fallor
1082 1223 1120 1267 eo
1146 1202 1326 1283 vitabatur,
1357 1200 1443 1283 quod

268 1315 408 1379 Pericles
436 1315 505 1396 ipse
526 1313 771 1396 probuleumate
797 1318 894 1377 antea
915 1312 1002 1378 facto
1024 1313 1055 1378 ei
1077 1315 1139 1398 ipsi
1161 1314 1260 1380 tribui
1284 1311 1445 1395 praeficie-

269 1427 381 1509 batur,
410 1446 451 1491 ex
478 1447 544 1508 qua
571 1446 663 1491 nemo
685 1424 800 1508 dignus
827 1430 908 1506 erat,
938 1424 995 1507 qui
1021 1431 1197 1491 crearetur.
1236 1423 1289 1488 De
1317 1444 1383 1506 qua
1410 1443 1445 1487 re

265 1538 339 1621 jure
367 1538 590 1619 dubitaretur,
620 1538 649 1601 si
671 1536 799 1604 Glauco
829 1537 917 1601 solus
945 1541 1075 1618 praeter
1107 1535 1266 1601 Periclem
1294 1556 1333 1600 ex
1360 1535 1445 1598 Aca·

268 1649 413 1714 mantide
439 1655 566 1714 oreatus
588 1653 681 1730 esset,
709 1669 814 1730 quem,
844 1670 917 1711 oum
939 1648 988 1712 vir
1006 1647 1222 1713 nobilissimus
1243 1668 1282 1711 ac
1304 1645 1445 1729 praecla-

268 1763 412 1826 rissimus
446 1767 545 1843 esset,
573 1760 702 1825 minime
734 1756 921 1823 incredibile
955 1763 1003 1822 111
1037 1759 1069 1822 in
1104 1781 1198 1823 usum
1227 1759 1310 1823 alius
1340 1757 1446 1823 tribus

269 1880 413 1938 creatum
427 1894 496 1937 1111
511 1871 713 1952 adversariis,
733 1870 789 1952 qui
811 1890 889 1936 suae
911 1868 1016 1933 tribus
1036 1873 1223 1952 praeturam
1244 1871 1444 1951 appeterent,

268 1988 369 2050 victis.
413 1984 481 2069 *Qui
502 1990 611 2049 autem
633 1982 789 2048 Carcinus
811 1982 859 2044 vir
885 1980 1007 2061 alioqui
1036 1980 1163 2060 ignotus
1191 1978 1224 2041 in
1251 1997 1344 2040 usum
1367 1997 1444 2042 suae

269 2098 374 2162 tribus
397 2119 460 2161 uon
482 2101 610 2161 creatus
627 2097 660 2158 in
675 2116 769 2159 usum
784 2094 868 2157 alins
890 2111 1018 2174 quoque
1041 2089 1145 2154 tribue
1168 2088 1270 2152 creari
1292 2087 1443 2169 potuerit,
1495 2132 1499 2140 t

269 2209 418 2290 equidem
446 2230 509 2272 non
531 2208 696 2289 intellege,
727 2227 799 2272 cum
821 2204 890 2269 sine
918 2203 1017 2268 dubio
1040 2200 1143 2265 multo
1170 2198 1333 2265 difficilius
1361 2203 1445 2262 esset

269 2341 368 2401 quam
397 2340 475 2384 suae
502 2319 605 2383 tribus
634 2322 813 2400 praetorem
835 2315 914 2380 fieri.
953 2314 1113 2378 Periclem
1144 2319 1253 2378 autem
1282 2312 1349 2375 sine
1377 2309 1443 2373 ulla

268 2429 461 2496 difficultate
484 2436 516 2494 et
539 2429 676 2494 aliarum
692 2428 835 2492 tribuum
853 2433 1036 2509 praetorem
1050 2424 1174 2490 iactum
1194 2444 1262 2488 esse
1283 2425 1444 2505 procerte

268 2543 504 2609 affirmaverim.
546 2543 639 2608 Idem
661 2541 726 2607 fere
748 2542 788 2604 de
806 2539 1006 2622 Hippocrate
1028 2536 1135 2603 valere
1158 2534 1295 2617 ridetur,
1318 2538 1446 2617 praeter

269 2676 365 2736 quem
387 2655 464 2737 item
486 2655 543 2720 alii
566 2675 604 2718 ex
626 2652 842 2717 Acamantida
864 2652 965 2715 creati
987 2656 1071 2715 1111.
1440 2726 1442 2731 ,

353 2767 451 2832 Anno
495 2769 579 2832 enim
616 2765 659 2832 Ol
696 2771 764 2847 89,l
801 2765 900 2829 etiam
937 2761 1121 2826 Lamachus
1159 2757 1324 2841 Cephalae
1361 2773 1445 2836 pago

269 2881 427 2962 ascriptus
449 2887 579 2963 praetor
601 2884 686 2960 erat,
717 2883 754 2941 ut
776 2897 816 2939 ex
838 2856 1036 2956 Thucydidis
1064 2872 1139 2936 libri
1162 2869 1270 2951 quarti
1293 2886 1332 2927 ea
1354 2868 1446 2945 parte

270 2993 472 3075 agnoscitur,
503 3013 586 3074 quae
615 2997 664 3055 111
693 2991 733 3055 de
761 2989 858 3053 rebus
887 2986 948 3050 hoc
977 3004 1062 3050 anno
1088 2981 1198 3066 gestis.
1238 2978 1327 3042 Num
1349 2973 1445 3038 ambo
1523 3003 1526 3006 >

270 3106 359 3187 prius
382 3125 510 3186 qnoque
538 3103 650 3167 eodem
673 3122 757 3166 anno
780 3100 922 3182 collegae
945 3096 1073 3176 fuemnt,
1093 3114 1152 3178 pro
1173 3095 1261 3154 certo
1283 3086 1446 3151 affirmare

270 3239 332 3282 non
360 3216 446 3281 licet.
489 3215 604 3298 Neque
635 3215 718 3279 enim
739 3213 798 3277 viri
828 3210 916 3276 docti
943 3230 982 3272 ex
1002 3202 1231 3286 Aristophanis
1259 3197 1446 3262 Acharneu-

270 3329 358 3393 sibus
388 3348 472 3409 quae
502 3325 614 3391 fabula
642 3324 778 3388 Lenaeis
806 3321 849 3388 Ol
872 3326 943 3401 881
973 3322 1047 3384 acta
1076 3320 1124 3379 111
1149 3313 1224 3394 jure
1253 3309 1377 3374 efficere
1403 3308 1448 3371 ri-

271 3441 403 3522 dentur,
435 3445 472 3502 ut
492 3436 677 3502 Lamachus
705 3455 742 3498 eo
770 3454 854 3496 anno
877 3435 1008 3514 praetor
1033 3427 1149 3508 fuerit,
1180 3423 1267 3506 quod
1289 3419 1446 3504 praetoris
1543 3422 1546 3426 ’

270 3573 399 3616 munere
431 3550 565 3633 fungens
596 3547 827 3612 introducatur.
880 3542 976 3606 Unde
1004 3540 1112 3624 potius
1146 3534 1342 3601 contrarium
1375 3530 1446 3595 elie

271 3662 378 3727 aerim.
423 3660 550 3725 Dubito
570 3659 664 3740 enim,
687 3679 764 3720 num
779 3660 875 3739 poeta
894 3658 1076 3736 praetorem
1097 3649 1211 3729 ullum,
1235 3647 1301 3729 qui,
1324 3648 1447 3726 quauta

270 3774 465 3839 auctoritate
495 3777 528 3836 et
556 3771 587 3836 ri
615 3791 692 3834 usus
718 3770 772 3850 sit,
802 3788 895 3832 nemo
922 3765 1038 3845 nescit,
1069 3762 1128 3827 tali
1157 3760 1281 3825 ratione
1311 3755 1448 3823 illudere

271 3886 391 3951 audere
413 3883 565 3968 potuerit.
609 3882 670 3946 Ao
690 3886 805 3965 poetae
832 3878 939 3942 illusio
961 3877 1056 3958 longe
1079 3870 1255 3955 elegantior
1282 3875 1314 3932 et
1343 3867 1448 3929 acrior

272 4019 339 4062 esse
361 3997 496 4079 ridetur,
527 3997 552 4060 si
576 3993 760 4059 Lamachus
781 4012 839 4074 per
860 3989 971 4071 jocum
993 3991 1123 4070 praetor
1145 3981 1343 4058 nominatur,
1374 3997 1447 4040 1111

271 4131 306 4173 11
325 4130 400 4173 1111
420 4113 608 4191 praeturam
630 4110 783 4188 appetens
807 4100 969 4185 repulsam
990 4096 1126 4160 tulisset.
1161 4088 1345 4159 Verisimile
1370 4085 1449 4150 mihi

272 4221 371 4304 igitur
401 4241 469 4284 esse
498 4241 561 4284 non
583 4218 712 4282 videtur
731 4211 934 4301 ,Lamachum
963 4228 1047 4273 anno
1077 4204 1121 4272 Ol
1142 4208 1213 4285 88,3
1237 4197 1448 4285 Hippocratis
1539 4202 1542 4207 '

272 4332 430 4415 collegam
462 4331 578 4413 luisse,
619 4348 715 4412 quem
747 4329 930 4408 praetorem
965 4319 1064 4385 fuisse
1103 4335 1276 4380 usurarum
1317 4306 1448 4373 tabulae
