3367 5075
659 303 980 410 &re-4

241 521 389 603 spectare
408 515 535 581 ridetur
551 514 590 580 d.
603 515 631 579 I.
647 516 691 580 A.
709 514 730 580 Ι
746 519 809 579 178
825 514 1116 597 exaratum,‚·qu0d
1141 520 1179 579 ut
1191 512 1418 580 Kirchhoffins

241 633 354 694 nostra
374 628 532 693 sententia
550 628 623 710 jure
645 646 685 691 ex
707 626 822 692 eadem
846 625 1060 692 crassitudine
1079 624 1227 709 lapidum
1240 624 1417 707 conclusit,

242 761 315 805 eum
336 760 374 804 eo
396 740 436 805 de
464 761 528 822 quo
551 742 672 822 egimus
697 739 732 802 in
752 759 854 803 unum
878 735 1112 803 coarctandum
1135 735 1274 801 ridetur.
1316 736 1417 819 Frag-

240 857 384 923 mentum
405 849 466 913 hoc
481 856 547 918 est:
921 918 954 997 A

855 1041 892 1099 N
923 1041 956 1097 E
996 1042 1031 1098 Γ,
1161 1028 1166 1040 ’

774 1144 799 1202 0
860 1145 880 1201 I
928 1139 1017 1202 ΣἸ
1065 1144 1093 1202 Γ

638 1248 656 1306 l
708 1246 732 1305 0
780 1248 801 1304 1
859 1250 887 1304 Σ
927 1247 957 1304 Δ
991 1247 1023 1303 Ε
1064 1246 1099 1304 Κ
1145 1257 1148 1260 ’

563 1350 591 1406 r
635 1351 662 1406 Φ
706 1351 740 1409 A
782 1352 796 1406 ι
850 1351 882 1407 A
930 1348 1019 1432 1¹0
1062 1350 1099 1407 N

483 1453 1126 1592 ¹ronanus·
1327 1429 1412 1572 ’.

326 1624 435 1709 Quod,
449 1646 522 1690 cum
537 1624 619 1691 duos
634 1629 919 1693 consummationis
934 1627 1089 1693 formulas
1105 1625 1264 1708 exhibeat,
1280 1626 1416 1692 alteram

239 1737 464 1817 sollemnibus,
494 1736 632 1802 alteram
653 1738 878 1822 grandioribus
904 1738 1023 1805 litteris
1049 1739 1260 1823 perscriptam
1288 1757 1416 1821 praeca

240 1848 317 1913 dens
335 1847 551 1931 fragmentum
569 1848 718 1914 claudere
738 1856 902 1932 putamus.
945 1848 1102 1915 Famula
1118 1850 1264 1932 superior
1277 1847 1312 1913 id
1329 1848 1416 1930 quod

238 1960 271 2035 in
293 1960 477 2042 Byzantios,
508 1959 647 2024 formula
669 1962 866 2044 subsequens
888 1962 932 2043 id,
962 1962 1048 2043 quod
1071 1960 1159 2025 etin
1181 1960 1308 2028 Samios
1328 1966 1361 2026 et
1382 1961 1416 2024 in

237 2070 413 2154 Byzantios
435 2072 633 2154 insumptum
655 2079 734 2155 erat,
757 2073 991 2157 complectitur.

323 2182 425 2248 Totus
446 2183 528 2266 lapis
551 2184 652 2266 igitur
673 2184 716 2248 ad
738 2184 823 2248 hunc
851 2182 919 2248 fere
946 2183 1078 2248 modum
1106 2183 1302 2268 compositus
1330 2183 1415 2247 ride·

237 2298 292 2357 tur
314 2314 392 2357 esse.
706 2361 711 2369 ,

280 2401 310 2466 Ι.
334 2405 366 2466 in
391 2401 507 2468 Samiis
532 2412 738 2489 consumptae
760 2411 855 2470 erant

336 2518 365 2578 1.
388 2516 492 2598 prima
513 2517 622 2601 pensio
645 2523 702 2581 aut
724 2518 767 2586 Ol
788 2522 858 2600 85,1
884 2523 942 2582 aut
964 2517 1056 2582 initio
1079 2516 1122 2584 Ol
1141 2522 1211 2601 85‚‘l
1236 2518 1333 2600 facta,

334 2629 364 2690 2.
387 2627 527 2691 secunda

333 2742 363 2801 3·
385 2738 482 2802 tertia
584 2699 751 2781 pensiones
772 2698 815 2766 Ol
838 2704 908 2781 85,2
932 2697 1048 2763 factae.

301 2846 553 2915 Consummatio.

258 2959 307 3025 ΙΙ.
330 2962 363 3025 in
384 2961 552 3043 Byzantiis
575 2970 785 3048 consumptae
800 2970 900 3043 *erant

359 3094 424 3137 una
442 3073 494 3136 vel
513 3073 596 3137 duae
617 3076 785 3157 pensiones
807 3075 851 3142 Ol
872 3079 944 3156 85‚2
967 3073 1083 3140 factae.

302 3182 555 3249 Consummatio.

237 3290 478 3359 Consummatio
502 3316 715 3378 expensorum
737 3297 889 3361 omnium.

321 3404 401 3469 Jam
422 3406 542 3471 addere
564 3407 688 3489 aliquid
708 3407 813 3488 liceat,
836 3407 925 3490 quod
949 3407 1056 3472 adhuc
1075 3412 1154 3475 satis
1174 3414 1331 3477 incertum
1353 3419 1411 3495 est,

236 3535 341 3597 neque
360 3522 468 3580 tamen
485 3519 612 3582 omnino
632 3519 756 3601 neglegi
777 3518 893 3584 debere
912 3519 1048 3585 videtur.
1087 3518 1313 3603 Quaerendum
1327 3526 1413 3589 enim

236 3631 294 3708 est,
325 3632 435 3691 utrum
464 3628 499 3691 in
528 3629 644 3711 lapide,
674 3652 769 3711 quem
798 3633 1026 3713 tractavimus,
1058 3655 1166 3701 omnes
1195 3638 1350 3720 pecuniae
1378 3639 1412 3701 in

236 3735 321 3801 bello
344 3745 552 3822 consumptae
575 3748 726 3804 exaratae
755 3742 820 3806 sint
850 3763 949 3807 necne
977 3743 1027 3807 vel
1052 3751 1162 3809 utrum
1189 3767 1296 3813 omnes
1317 3771 1411 3833 pecu-

236 3847 317 3929 niae,
349 3848 466 3930 quibus
485 3872 566 3932 opus
589 3860 668 3934 erat,
698 3873 738 3916 ex
758 3853 884 3918 aerario
906 3853 1070 3920 Minervae
1092 3864 1242 3940 erogatae
1265 3859 1340 3942 sint,
1369 3881 1411 3925 an

235 3978 312 4040 pars
332 3960 446 4037 modo,
475 3983 548 4027 cum
568 3968 694 4028 ceterae
715 3985 754 4027 ex
773 3966 918 4046 pecuniis
939 3973 1069 4050 praeter
1090 3967 1253 4037 Minervae
1278 3995 1354 4058 opes
1377 3974 1411 4037 in

236 4088 310 4133 arce
332 4071 485 4154 depositis
507 4080 655 4158 sumptae
677 4076 788 4154 sintl)
831 4075 885 4141 De
912 4100 977 4160 qua
1003 4101 1038 4144 re
1060 4083 1140 4146 certi
1159 4084 1337 4166 quidquam
1357 4086 1411 4150 rix

237 4184 440 4196 *—

305 4225 327 4291 ll
345 4224 389 4278 Re
406 4243 473 4279 vera
489 4226 521 4280 in
538 4245 601 4282 arce
618 4237 732 4297 praeter
749 4230 896 4285 Minervae
915 4234 1049 4300 pecunias
1065 4252 1159 4291 sacras
1176 4236 1260 4293 fauce
1277 4240 1411 4308 pecunias

235 4308 371 4376 publicas,
389 4311 490 4380 quibus
502 4312 726 4369 Hellenotamiae
739 4322 899 4386 praeerant,
918 4316 1112 4376 Kirohhoftius
1128 4322 1198 4378 mihi
1215 4326 1283 4379 satis
1299 4342 1410 4394 persua·

235 4394 272 4446 sit
289 4394 409 4464 (Comm.
427 4398 503 4453 acad.
522 4397 614 4453 Berol.
634 4401 721 4470 1876).
