3367 5075
703 363 920 430 ...rp-

42 579 48 590 ·
163 592 166 597 .
222 538 511 625 perscriberentur,
542 555 616 602 cum
637 534 710 617 quis
732 534 885 617 pecunias
907 532 1110 616 persolvisset
1135 534 1193 596 aut
1215 530 1399 615 accepisset,

215 648 288 717 'non
307 651 445 715 multum
466 648 661 726 interesset„
688 645 947 711 Helleuotamiac
969 645 1079 728 igitur,
1099 643 1155 726 qui
1172 643 1309 726 primam
1325 664 1400 727 pen·

225 763 345 825 sionem
359 763 561 842 acceperant,
584 760 612 823 ei
628 762 729 840 erant,
752 757 809 840 qui
827 757 902 822 inde
921 778 941 820 a
960 754 1199 820 Panathenaeis
1218 752 1260 819 Ol
1279 759 1401 836 88,4-

225 871 267 938 01
283 875 353 952 89,l
376 891 508 935 munere
529 868 637 958 functiv
653 875 754 934 eraut.
796 866 942 950 Quorum
963 873 1029 933 tres
1053 867 1258 964 cognevimus
1279 888 1318 933 ex
1338 867 1401 950 pri-

157 1068 160 1073 ·
223 983 388 1060 mitiacum
408 981 566 1065 laterculo
588 980 631 1045 ad
652 1002 771 1046 annum
795 979 838 1046 Ol
853 985 1109 1063 88,4spectante
1132 976 1400 1059 (caumate)

213 1093 330 1178 'Erant

268 1201 480 1292 Δι]ο[νύ]σιο[ς
501 1200 684 1288 Ἀχαρ]νεύς,
710 1201 858 1297 Αἴσχρων
875 1201 1097 1286 Μαραθώνιος,
1118 1202 1300 1289 Φιλωτόδης
1314 1203 1399 1267 Παλ·

107 1290 110 1296 ¹
225 1314 367 1402 λη[νεὺς].

310 1415 502 1510 Dionysius,
525 1415 595 1490 ¹nisi
617 1424 728 1508 fallor,
758 1425 845 1490 idem
865 1430 914 1489 est
935 1445 973 1489 ac
994 1424 1039 1506 is,
1068 1445 1164 1507 quem
1186 1422 1401 1507 fragmentum

225 1537 356 1620 exhibet
375 1543 480 1618 (τοῦτο
502 1535 600 1625 recca,
624 1536 806 1669 Διονυσίω).
850 1536 1004 1601 Fortasse
1036 1537 1135 1618 igitur
1160 1535 1201 1600 'in
1230 1555 1401 1600 usurarum

743 1622 776 1691 {a}

226 1708 341 1774 tabula
364 1708 591 1792 post-verbum
612 1706 692 1786 ἕνοις
718 1708 915 1792 supplendus
938 1713 997 1772 est.
1041 1707 1190 1791 Vestigia
1211 1708 1295 1771 enim
1316 1706 1401 1771 litta-

225 1843 281 1885 rae
303 1821 322 1887 ὁ,
344 1825 401 1901 (Λ)
423 1820 530 1885 adhuc
558 1824 738 1904 supersunt.
783 1818 887 1901 Vide,
917 1841 1021 1884 nonne
1042 1824 1113 1883 tota
1138 1818 1255 1884 lacuna
1283 1819 1328 1883 sic
1350 1838 1402 1884 ex·

111 1937 117 1945 '
199 1945 203 1952 ⁴
225 1932 344 2014 plenda
365 1932 423 1996 sit:

267 2040 523 2130 Ἑλληνοταμίαις
552 2040 632 2119 boote
667 2046 829 2128 Alcovuolup
861 2039 1001 2124 Ἀχαρνεῖ
1035 2044 1087 2106 καὶ
1121 2040 1318 2123 ξυνάρχουσιν
1349 2040 1402 2104 καὶ

226 2154 405 2239 apocopam]
429 2153 598 2238 Χαροπίόῃ
623 2153 855 2238 Σκ[αμβ]ωνίόῃ
874 2155 925 2217 καὶ
948 2152 1155 2237 ξυνάρχουσιν.

312 2265 348 2331 Si
370 2265 518 2347 Dionysii
540 2286 575 2327 re
596 2284 673 2327 vera
695 2263 790 2327 iidem
814 2269 897 2346 sunt,
925 2264 1069 2330 dubitari
1090 2286 1154 2352 non
1175 2270 1292 2347 potest,
1323 2268 1402 2347 quin

226 2376 441 2458 fragmentum
462 2395 546 2438 auno
563 2372 690 2454 clear
716 2374 925 2439 tribuendum
946 2379 1018 2439 est.⁴
1039 2376 1138 2439 Anno
1158 2375 1202 2442 Ol
1222 2379 1293 2456 88,4
1316 2376 1401 2440 enim

226 2487 367 2553 secunda
392 2485 558 2569 prytania,
587 2507 686 2568 quam
713 2479 883 2568 fragmenti
910 2507 955 2551 vs,
978 2491 996 2551 3
1021 2486 1163 2568 exhibet,
1194 2487 1304 2571 pensio
1333 2488 1400 2553 ulla

226 2599 355 2662 omnino
387 2598 474 2662 facta
504 2619 567 2662 nou
601 2602 659 2662 est.
705 2597 880 2662 Praeterea
911 2619 983 2661 cum
1012 2598 1184 2662 secundam
1215 2600 1401 2683 pensionem

226 2709 367 2773 secunda
389 2709 538 2791 prytania
560 2709 681 2773 factam
704 2730 773 2774 csse
795 2713 970 2792 appareat,
1001 2709 1152 2790 perfacile
1182 2709 1253 2774 fieri
1281 2716 1398 2794 potest,

226 2825 263 2884 ut
281 2821 385 2904 prima
406 2822 517 2903 pensio
539 2821 644 2904 prima
664 2822 812 2905 prytania
832 2820 920 2884 facta
934 2821 985 2901 sit,
1009 2821 1095 2902 quod
1113 2843 1210 2905 supra
1224 2823 1400 2904 posuimus

225 2931 314 3001 Illud
350 2939 455 3007 HEA,
490 2932 650 3015 quomodo
682 2932 933 3016 intellegendum
965 2933 1023 3014 sit,
1062 2933 1233 2997 obscurum
1263 2940 1321 2998 est.
1366 2934 1402 2999 Si

225 3038 480 3129 Ἑλληνοταμίαις
501 3045 624 3109 exstitit
649 3044 824 3129 lapicidam
846 3044 1033 3108 Atticorum
1058 3044 1215 3107 rationem
1241 3045 1401 3110 scribendi

194 3198 197 3205 -
225 3160 375 3219 accurate
398 3160 544 3219 secutum
566 3176 628 3219 uon
651 3176 719 3219 esse
742 3161 878 3220 constat.
920 3158 976 3220 Au
997 3156 1126 3220 litterae
1145 3161 1179 3217 H
1184 3162 1252 3219 ΕΛ
1273 3157 1401 3221 initium
1427 3132 1433 3143 ⁸

225 3266 362 3328 nominis
377 3265 690 3330 Helleuotamiarum
709 3266 863 3350 principis
878 3265 1068 3350 significant,
1092 3267 1149 3348 qui
1163 3267 1401 3333 Panathenaeis

226 3373 269 3440 Ol
289 3379 358 3456 89,1
379 3378 604 3459 magistratum
626 3376 765 3442 inierat?
788 3378 885 3462 Quod
904 3379 930 3442 si
948 3383 1074 3442 certum
1091 3384 1174 3443 esset
1189 3380 1401 3463 suspicionem

174 3477 195 3520 Ὗ
225 3491 369 3550 nostram
390 3488 509 3568 optime
531 3489 744 3553 confirmaret.
995 3548 998 3550 ,

311 3597 369 3665 Vs,
392 3601 414 3660 4
437 3648 444 3662 .
467 3648 474 3662 .
497 3648 504 3662 .
531 3621 566 3662 το
595 3610 661 3676 τοῖς
689 3600 938 3682 [ε’]κκα[ί]ὄ[εκα],
969 3622 1014 3664 vs
1045 3605 1064 3663 6
1095 3596 1219 3686 ἦμέρα[ι
1246 3599 1401 3687 λ]ο[ι]παὶ

225 3699 332 3797 cloch]
354 3707 515 3773 exstitisse
537 3709 673 3775 videtur.

310 3819 391 3887 Plus
413 3819 454 3883 de
475 3819 655 3901 fragmento
678 3820 867 3903 praedicare
889 3844 953 3886 non
975 3822 1060 3887 licet.

310 3985 424 4049 Finem
454 3986 759 4048 commentationum
781 3983 904 4048 faciant
931 3984 1063 4050 tabulae
1084 3983 1400 4051 Helleuotamiarum

225 4096 267 4162 ab
290 4117 373 4160 anno
398 4094 440 4161 Ol
462 4101 534 4178 ela
557 4117 658 4179 usque
680 4097 723 4161 ad
745 4117 865 4160 aunum
887 4094 929 4161 Ol
952 4101 1023 4176 91,a
1046 4101 1297 4179 praetorumque
1323 4119 1400 4161 non-

226 4207 397 4286 nullorum,
423 4207 478 4287 qui
504 4207 622 4288 quibus
647 4206 796 4293 tribubus
823 4208 956 4290 ascripti
979 4206 1100 4271 fuerint
1122 4229 1184 4272 non
1203 4210 1399 4290 ignoramus.
