3367 5075
839 345 1052 405 ...15-

437 507 559 594 Quales
583 518 644 594 res,
667 532 725 576 cur
745 510 852 577 factae
874 513 948 592 siut,
972 532 1170 594 quamquam
1191 533 1356 594 nunquam
1375 512 1443 578 fore
1468 535 1525 596 pro

351 627 438 689 certo
459 622 525 687 dici
545 627 661 706 potest,
685 628 792 688 tamen
815 623 939 705 aliquid
959 622 1185 688 doAbderitis
1203 624 1451 707 inseruerimus,
1471 626 1528 707 qui

351 755 453 816 usque
482 733 525 799 ad
554 732 597 800 Ol
623 739 691 816 86,ι
725 738 763 799 15
786 734 912 799 talenta
932 734 1105 817 quotannis
1126 733 1363 819 persolverunt,
1393 757 1467 800 oum
1495 737 1529 801 in

350 843 507 910 laterculo
537 846 614 910 anni
645 843 689 911 Ol
711 850 780 927 88,1
810 850 849 910 10
871 846 997 911 talenta
1024 845 1240 929 persolventes
1268 852 1393 911 exstent
1423 868 1462 911 ac
1488 870 1528 913 ne
1578 934 1581 939 Ι

350 955 427 1021 inde
446 957 577 1039 quidem
599 955 641 1021 ab
656 954 700 1022 Ol
718 961 789 1039 88,4
812 958 938 1045 majora
956 956 1150 1041 perpendere
1166 954 1249 1039 jussi
1267 958 1341 1022 sint.
1377 958 1528 1042 Apparet

351 1068 452 1151 igitur
470 1089 535 1133 uno
556 1068 666 1150 aliquo
688 1088 728 1131 ex
748 1069 793 1134 eis
815 1070 918 1151 annm,
943 1069 1000 1152 qui
1022 1074 1097 1133 sunt
1117 1069 1201 1133 inter
1224 1067 1267 1135 Ol
1288 1074 1357 1152 86,1
1387 1075 1420 1134 et
1448 1075 1526 1153 88,1
1552 1121 1554 1126 ,

352 1179 548 1261 intermedii,
578 1181 711 1245 tertiam
742 1186 869 1263 partem
895 1181 1091 1246 tributorum
1116 1185 1191 1245 ante
1217 1181 1452 1264 persolutorum
1480 1204 1528 1248 re-

352 1290 484 1355 missam
507 1312 586 1355 esse.
631 1288 728 1373 Quod
749 1291 951 1374 factumest,
974 1293 1036 1356 nisi
1057 1291 1153 1357 fallor
1174 1313 1259 1357 anno
1282 1290 1325 1357 Ol
1340 1297 1417 1376 87,2.
1454 1292 1527 1376 Quo

352 1422 437 1467 anno
459 1401 686 1483 Athenienses,
708 1408 746 1467 ut
761 1402 968 1489 Thucydides
986 1403 1133 1485 tradidit,
1144 1403 1185 1481 ¹⁶)
1207 1403 1439 1489 Nymphodoro
1457 1406 1528 1471 Ab

354 1513 458 1579 derita
487 1521 620 1580 auctore
648 1536 723 1579 cum
750 1515 873 1582 Sitalca
899 1516 1061 1582 Thracum
1090 1537 1164 1599 rege
1191 1522 1223 1581 et
1245 1516 1403 1582 Perdicca
1423 1517 1529 1583 Mace·

354 1624 474 1690 donum
494 1647 569 1710 rege
591 1624 723 1691 foedera
743 1627 944 1710 pepigerunt.

439 1734 532 1819 Quae
561 1735 815 1803 Atheniensibus
846 1760 922 1804 sane
950 1761 1015 1804 non
1047 1739 1184 1804 multum
1211 1740 1420 1823 profuerunt,
1454 1763 1528 1805 cum

355 1849 453 1933 paulo
482 1856 557 1933 post
583 1871 696 1914 rursus
726 1849 984 1915 dissolverentur.
1029 1849 1146 1933 Neque
1167 1857 1274 1915 tamen
1296 1851 1374 1915 mihi
1395 1852 1529 1916 incredi-

353 1960 418 2027 bile
435 1981 503 2025 esse
523 1961 650 2026 ridetur
664 1960 836 2026 Abderitis
857 1983 916 2044 pro
938 1962 1161 2045 Nymphodori
1182 1962 1215 2025 in
1235 1982 1269 2026 se
1289 1963 1404 2026 merita
1424 1962 1528 2026 Athe·

353 2072 477 2136 nienses
497 2079 567 2149 tum
588 2073 748 2138 remisisse
768 2072 965 2138 tributorum
985 2076 1115 2139 tertiam
1136 2079 1272 2156 partem.

439 2182 503 2249 Sed
523 2184 594 2266 jam
616 2185 658 2248 ad
680 2182 806 2249 Samios
827 2185 1008 2268 redeamus,
1030 2191 1067 2249 ut
1085 2206 1190 2269 pauca
1207 2184 1249 2250 ad
1271 2184 1389 2250 bellum
1411 2185 1543 2270 ipsum,

354 2317 419 2361 nou
440 2303 566 2378 tempus
585 2294 662 2361 belli
676 2296 870 2379 pertinentia
889 2298 1056 2361 addamus.
1100 2295 1143 2360 Id
1160 2319 1217 2380 per
1233 2296 1313 2362 duos
1333 2317 1442 2379 annos,
1464 2317 1528 2361 non

355 2427 536 2490 perunum
558 2427 679 2471 annum
700 2412 826 2489 gestum
856 2429 924 2473 esse
951 2430 1024 2473 oum
1051 2408 1180 2473 aliunde
1202 2414 1273 2472 tum
1294 2408 1344 2473 rel
1363 2408 1438 2474 inde
1459 2430 1530 2491 cog·

354 2519 443 2586 nosci
462 2524 579 2602 potest,
610 2519 697 2601 quod
718 2519 748 2583 ei
768 2525 942 2605 praetores,
965 2543 1046 2604 quos
1069 2519 1233 2586 Androtio
1257 2519 1378 2585 bellum
1397 2521 1531 2605 gessisse

354 2631 499 2714 tradidit,
530 2631 625 2714 plane
648 2630 705 2694 alii
730 2637 805 2695 sunt
826 2638 925 2716 atque
952 2635 995 2714 ei,
1026 2653 1106 2715 quos
1130 2632 1334 2715 Thucydides
1355 2637 1530 2712 enumerat,

355 2744 477 2810 scilicet
498 2742 719 2825 Thucydidem
743 2742 938 2826 Hagnonem
964 2744 1192 2807 Phormionem
1220 2743 1440 2827 Tlepolemum
1462 2742 1531 2805 An-

355 2854 473 2918 ticlem.
518 2852 640 2919 Contra
670 2855 758 2938 apud
788 2855 1042 2933 Androtionem,
1073 2874 1168 2936 quem
1197 2852 1304 2917 Schol.
1326 2852 1430 2914 Arist.
1462 2849 1529 2930 ΠΙ,

355 2988 386 3050 p.
401 2969 465 3030 485
482 2964 582 3030 Dind.
604 2968 781 3050 exscripsit,
804 2965 839 3028 hi
854 2972 1018 3048 praetores
1037 2964 1210 3028 secundum
1228 2963 1371 3027 tribuum
1386 2961 1531 3027 ordinem

356 3081 533 3147 enumerati
555 3079 772 3161 reperiuntur:

427 3360 461 3427 ¹⁶)
480 3359 520 3426 II,
537 3361 572 3413 29
591 3362 649 3411 Καὶ
667 3361 696 3410 ἐν
713 3359 754 3423 τῷ
773 3356 849 3421 αὐτῷ
866 3359 945 3426 θέρει
966 3352 1159 3426 Νυμφόδωρον
1176 3355 1226 3407 τὸν
1242 3355 1357 3415 Πύλοιο,
1375 3350 1461 3424 ἄνδρα
1475 3353 1531 3420 'Ad

356 3444 475 3518 δηρίτην,
497 3442 530 3500 οὗ
549 3445 602 3509 εἶχε
618 3443 670 3510 τὴν
690 3441 807 3514 ἀδελφὴν
827 3441 966 3507 Σιτάλκης,
984 3438 1138 3507 δυνάμενον
1154 3440 1218 3511 παρ’
1234 3437 1308 3506 αὐτῷ
1325 3444 1395 3511 μέγα
1413 3444 1439 3491 οἱ
1455 3441 1532 3504 Ἀθη-

358 3547 431 3585 ναῖοι
448 3530 589 3603 πρότερον
606 3528 739 3596 πολέμιον
755 3531 920 3595 νομίζοντες,
938 3527 1072 3599 πρόξενον
1084 3528 1247 3592 ἐποιήσαντο
1259 3531 1304 3579 καὶ
1314 3530 1533 3597 μετεπέμψαντο,

354 3616 519 3684 βουλόμενοι
532 3613 665 3681 Σιτάλκην
683 3620 756 3684 σφίσι
773 3612 824 3666 τὸν
846 3614 950 3683 Τήρεω,
971 3614 1086 3681 (δρακών
1103 3611 1223 3679 βασιλέα,
1241 3613 1378 3680 ξύμμαχον
1394 3613 1534 3681 γενέσθαι.

356 3704 449 3759 Infra:
472 3701 566 3756 ἐλθών
587 3723 616 3754 τε
642 3702 668 3756 ἐς
690 3700 737 3755 τὰς
755 3699 903 3767 Ἀθήναςὸ
925 3697 1112 3769 Νυμφόδωρος
1133 3701 1185 3765 τήν
1207 3721 1237 3752 τε
1254 3702 1302 3751 τοῦ
1322 3696 1453 3752 Σιτάλκου
1471 3696 1533 3762 ξυμ-

357 3795 457 3857 μαχίαν
475 3791 583 3854 ἐποίησε
601 3792 645 3839 καὶ
665 3784 789 3839 Σάδοκον
806 3785 857 3838 τὸν
875 3785 936 3838 υἱὸν
954 3785 1039 3838 αὐτοῦ
1054 3785 1216 3851 Ἀθηναῖον,
1239 3785 1290 3838 τόν
1312 3806 1342 3837 κε
1366 3787 1410 3836 ἐπὶ
1430 3781 1534 3852 θράκης

356 3873 479 3943 πόλεμον
495 3870 638 3937 ὑπεδέχετο
656 3870 822 3936 καταλύσειν.
843 3877 946 3924 πείσειν
961 3871 1015 3943 γὰρ
1029 3869 1163 3936 Σιτάλκην
1179 3874 1297 3936 πέμπειν
1313 3868 1443 3940 στρατιάν
1463 3870 1532 3937 θρᾳ-

357 3965 418 4012 κίαν
430 3955 583 4023 Ἀθηναίοις
601 3963 707 4011 ἱππέων
726 3979 754 4011 τε
771 3962 816 4010 καὶ
832 3957 1000 4012 πελταστῶν.
1030 3957 1188 4024 ξυνεβίβαοε
1204 3954 1233 4007 δὲ
1250 3962 1295 4008 καὶ
1311 3954 1362 4008 τὸν
1380 3952 1534 4026 Περδίκκαν

357 4059 415 4099 τοῖς
425 4044 579 4110 Ἀθηναίοις
596 4048 641 4095 καὶ
661 4045 769 4112 θέρκην
787 4042 862 4109 αὐτῷ
880 4047 986 4096 ἔπεισεν
1003 4039 1161 4098 ἀποδοῦναι.
1191 4041 1398 4113 ξυνεστράτευυε
1415 4040 1439 4093 τ’
1452 4040 1534 4096 εὐθὺς

361 4126 510 4201 Περδίκκας
534 4131 578 4181 ἐπὶ
602 4127 753 4185 Χαλκιδέας
778 4129 832 4191 μετ’
860 4129 1014 4195 Ἀθηναίων
1040 4131 1085 4179 καὶ
1110 4130 1279 4194 Φορμίωνος.
1319 4125 1396 4179 Οὕτω
1417 4129 1469 4193 μὲν
1489 4129 1532 4178 Σι·

358 4214 456 4281 τοίλκης
472 4237 502 4267 τε
521 4216 535 4267 ὃ
560 4216 662 4284 Τήρεω,
685 4216 800 4282 θρᾳκιῦν
818 4213 948 4276 βασιλεύς,
966 4214 1100 4280 ξύμμαχος
1119 4214 1224 4283 ἐγένετο
1235 4211 1387 4278 Ἀθηναίοις
1403 4216 1448 4264 καὶ
1461 4214 1532 4279 Περ-

359 4299 447 4356 δίκκας
465 4299 480 4352 ὁ
497 4298 667 4371 Ἀλεξάνδρου
686 4299 854 4355 Μακεδόνων
874 4300 1003 4357 Βασιλεύς.
